_id,event_time,symbol,trade_id,price,quantity,buyer_order_id,seller_order_id,trade_time,side
ObjectId("5b5142e92c3f9006d8b23689"),1532052199405,XLMBTC,11663285,0.00004078,50,37713651,37713653,1532052199401,sell
ObjectId("5b5142eb2c3f9006d8b2368a"),1532052201693,XLMBTC,11663286,0.00004077,2001,37713667,37713666,1532052201689,buy
ObjectId("5b5142eb2c3f9006d8b2368b"),1532052201708,XLMBTC,11663287,0.00004076,4446,37713642,37713668,1532052201706,sell
ObjectId("5b5142eb2c3f9006d8b2368c"),1532052201724,XLMBTC,11663288,0.00004076,1854,37713643,37713669,1532052201721,sell
ObjectId("5b5142ee2c3f9006d8b2368d"),1532052204252,XLMBTC,11663289,0.00004074,35,37713640,37713681,1532052204248,sell
ObjectId("5b5142ee2c3f9006d8b2368e"),1532052204644,XLMBTC,11663290,0.00004074,196,37713640,37713683,1532052204639,sell
ObjectId("5b5142ef2c3f9006d8b2368f"),1532052205621,XLMBTC,11663291,0.00004073,1289,37713688,37713683,1532052205618,buy
ObjectId("5b5142ef2c3f9006d8b23690"),1532052205698,XLMBTC,11663292,0.00004073,2151,37713689,37713683,1532052205696,buy
ObjectId("5b5142f52c3f9006d8b23691"),1532052211249,XLMBTC,11663293,0.00004077,672,37713713,37713698,1532052211245,buy
ObjectId("5b5142f72c3f9006d8b23692"),1532052213524,XLMBTC,11663294,0.00004073,821,37713722,37713721,1532052213521,buy
ObjectId("5b5142f72c3f9006d8b23693"),1532052213777,XLMBTC,11663295,0.00004073,1465,37713725,37713721,1532052213775,buy
ObjectId("5b5142fd2c3f9006d8b23694"),1532052219042,XLMBTC,11663296,0.00004077,42,37713746,37713748,1532052219039,sell
ObjectId("5b5142ff2c3f9006d8b23695"),1532052221315,XLMBTC,11663297,0.00004077,987,37713746,37713757,1532052221311,sell
ObjectId("5b5142ff2c3f9006d8b23696"),1532052221710,XLMBTC,11663298,0.00004077,3574,37713746,37713758,1532052221705,sell
ObjectId("5b5143002c3f9006d8b23697"),1532052222022,XLMBTC,11663299,0.00004077,1029,37713759,37713758,1532052222018,buy
ObjectId("5b5143012c3f9006d8b23698"),1532052223534,XLMBTC,11663300,0.00004077,1095,37713759,37713762,1532052223530,sell
ObjectId("5b5143022c3f9006d8b23699"),1532052224408,XLMBTC,11663301,0.00004078,339,37713763,37713764,1532052224407,sell
ObjectId("5b5143032c3f9006d8b2369a"),1532052225177,XLMBTC,11663302,0.00004077,57,37713759,37713768,1532052225170,sell
ObjectId("5b5143062c3f9006d8b2369b"),1532052227963,XLMBTC,11663303,0.00004079,42,37713780,37713248,1532052227959,buy
ObjectId("5b5143062c3f9006d8b2369c"),1532052228247,XLMBTC,11663304,0.00004079,25,37713782,37713248,1532052228245,buy
ObjectId("5b5143072c3f9006d8b2369d"),1532052229579,XLMBTC,11663305,0.00004077,146,37713789,37713790,1532052229575,sell
ObjectId("5b5143072c3f9006d8b2369e"),1532052229579,XLMBTC,11663306,0.00004073,274,37713788,37713790,1532052229575,sell
ObjectId("5b5143072c3f9006d8b2369f"),1532052229579,XLMBTC,11663307,0.00004072,1180,37713777,37713790,1532052229575,sell
ObjectId("5b51430a2c3f9006d8b236a0"),1532052232484,XLMBTC,11663308,0.00004079,147,37713801,37713248,1532052232479,buy
ObjectId("5b51430a2c3f9006d8b236a1"),1532052232484,XLMBTC,11663309,0.00004079,2442,37713801,37713686,1532052232479,buy
ObjectId("5b51430a2c3f9006d8b236a2"),1532052232484,XLMBTC,11663310,0.00004079,982,37713801,37713783,1532052232479,buy
ObjectId("5b51430b2c3f9006d8b236a3"),1532052233409,XLMBTC,11663311,0.00004079,9537,37713801,37713804,1532052233405,sell
ObjectId("5b51430b2c3f9006d8b236a4"),1532052233791,XLMBTC,11663312,0.00004079,95,37713801,37713807,1532052233786,sell
ObjectId("5b51430d2c3f9006d8b236a5"),1532052235538,XLMBTC,11663313,0.00004079,5161,37713801,37713815,1532052235533,sell
ObjectId("5b51430d2c3f9006d8b236a6"),1532052235538,XLMBTC,11663314,0.00004079,627,37713813,37713815,1532052235533,sell
ObjectId("5b51430e2c3f9006d8b236a7"),1532052236385,XLMBTC,11663315,0.00004074,9,37713817,37713820,1532052236383,sell
ObjectId("5b5143122c3f9006d8b236a8"),1532052240405,XLMBTC,11663316,0.00004078,150,37713836,37713838,1532052240402,sell
ObjectId("5b5143132c3f9006d8b236a9"),1532052241691,XLMBTC,11663317,0.00004077,5294,37713829,37713844,1532052241686,sell
ObjectId("5b5143132c3f9006d8b236aa"),1532052241691,XLMBTC,11663318,0.00004076,885,37713825,37713844,1532052241686,sell
ObjectId("5b5143132c3f9006d8b236ab"),1532052241691,XLMBTC,11663319,0.00004076,5500,37713826,37713844,1532052241686,sell
ObjectId("5b5143142c3f9006d8b236ac"),1532052241960,XLMBTC,11663320,0.00004075,820,37713845,37713844,1532052241958,buy
ObjectId("5b5143142c3f9006d8b236ad"),1532052242204,XLMBTC,11663321,0.00004075,60,37713846,37713844,1532052242200,buy
ObjectId("5b5143152c3f9006d8b236ae"),1532052243411,XLMBTC,11663322,0.00004074,766,37713842,37713850,1532052243411,sell
ObjectId("5b5143172c3f9006d8b236af"),1532052245200,XLMBTC,11663323,0.00004075,74,37713858,37713844,1532052245198,buy
ObjectId("5b5143172c3f9006d8b236b0"),1532052245217,XLMBTC,11663324,0.00004074,315,37713852,37713859,1532052245215,sell
ObjectId("5b51431a2c3f9006d8b236b1"),1532052248110,XLMBTC,11663325,0.00004075,1490,37713872,37713844,1532052248108,buy
ObjectId("5b51431d2c3f9006d8b236b2"),1532052251481,XLMBTC,11663326,0.00004073,2053,37713873,37713882,1532052251478,sell
ObjectId("5b51431d2c3f9006d8b236b3"),1532052251504,XLMBTC,11663327,0.00004073,2436,37713874,37713883,1532052251503,sell
ObjectId("5b51431e2c3f9006d8b236b4"),1532052252402,XLMBTC,11663328,0.00004072,1946,37713886,37713890,1532052252396,sell
ObjectId("5b51431e2c3f9006d8b236b5"),1532052252402,XLMBTC,11663329,0.00004071,291,37713870,37713890,1532052252396,sell
ObjectId("5b51431e2c3f9006d8b236b6"),1532052252402,XLMBTC,11663330,0.0000407,49,37713691,37713890,1532052252396,sell
ObjectId("5b51431e2c3f9006d8b236b7"),1532052252402,XLMBTC,11663331,0.0000407,7226,37713738,37713890,1532052252396,sell
ObjectId("5b5143242c3f9006d8b236b8"),1532052258728,XLMBTC,11663332,0.00004075,2502,37713913,37713844,1532052258727,buy
ObjectId("5b5143242c3f9006d8b236b9"),1532052258840,XLMBTC,11663333,0.00004075,77,37713914,37713844,1532052258839,buy
ObjectId("5b5143242c3f9006d8b236ba"),1532052258864,XLMBTC,11663334,0.00004075,149,37713915,37713844,1532052258860,buy
ObjectId("5b5143272c3f9006d8b236bb"),1532052261408,XLMBTC,11663335,0.00004074,363,37713920,37713923,1532052261406,sell
ObjectId("5b5143282c3f9006d8b236bc"),1532052262171,XLMBTC,11663336,0.00004075,106,37713924,37713844,1532052262168,buy
ObjectId("5b51432c2c3f9006d8b236bd"),1532052266620,XLMBTC,11663337,0.00004075,248,37713946,37713844,1532052266616,buy
ObjectId("5b51432d2c3f9006d8b236be"),1532052267412,XLMBTC,11663338,0.00004074,913,37713950,37713951,1532052267409,sell
ObjectId("5b51432d2c3f9006d8b236bf"),1532052267418,XLMBTC,11663339,0.00004074,665,37713950,37713952,1532052267414,sell
ObjectId("5b51432d2c3f9006d8b236c0"),1532052267419,XLMBTC,11663340,0.00004075,665,37713953,37713844,1532052267416,buy
ObjectId("5b5143342c3f9006d8b236c1"),1532052274193,XLMBTC,11663341,0.00004077,141,37713974,37713984,1532052274189,sell
ObjectId("5b5143342c3f9006d8b236c2"),1532052274193,XLMBTC,11663342,0.00004076,31,37713973,37713984,1532052274189,sell
ObjectId("5b5143342c3f9006d8b236c3"),1532052274426,XLMBTC,11663343,0.00004076,15,37713973,37713986,1532052274422,sell
ObjectId("5b5143352c3f9006d8b236c4"),1532052275591,XLMBTC,11663344,0.0000408,25,37713991,37713338,1532052275586,buy
ObjectId("5b5143352c3f9006d8b236c5"),1532052275591,XLMBTC,11663345,0.0000408,100,37713991,37713896,1532052275586,buy
ObjectId("5b5143352c3f9006d8b236c6"),1532052275591,XLMBTC,11663346,0.00004081,36,37713991,37713491,1532052275586,buy
ObjectId("5b5143352c3f9006d8b236c7"),1532052275591,XLMBTC,11663347,0.00004081,211,37713991,37713868,1532052275586,buy
ObjectId("5b5143372c3f9006d8b236c8"),1532052277017,XLMBTC,11663348,0.00004081,123,37713997,37713868,1532052277014,buy
ObjectId("5b51433f2c3f9006d8b236c9"),1532052285000,XLMBTC,11663349,0.00004076,5,37714018,37714025,1532052284997,sell
ObjectId("5b51433f2c3f9006d8b236ca"),1532052285596,XLMBTC,11663350,0.00004077,7128,37714031,37714030,1532052285594,buy
ObjectId("5b51433f2c3f9006d8b236cb"),1532052285615,XLMBTC,11663351,0.00004076,2420,37714018,37714032,1532052285613,sell
ObjectId("5b5143492c3f9006d8b236cc"),1532052295420,XLMBTC,11663352,0.00004075,222,37714056,37714068,1532052295416,sell
ObjectId("5b51434a2c3f9006d8b236cd"),1532052295949,XLMBTC,11663353,0.00004076,5,37714070,37714032,1532052295946,buy
ObjectId("5b51434a2c3f9006d8b236ce"),1532052295949,XLMBTC,11663354,0.00004076,242,37714070,37714065,1532052295946,buy
ObjectId("5b51434a2c3f9006d8b236cf"),1532052296664,XLMBTC,11663355,0.00004076,7,37714070,37714074,1532052296661,sell
ObjectId("5b51434e2c3f9006d8b236d0"),1532052300601,XLMBTC,11663356,0.00004079,844,37714083,37714079,1532052300600,buy
ObjectId("5b51434f2c3f9006d8b236d1"),1532052301111,XLMBTC,11663357,0.00004077,109,37714084,37714086,1532052301108,sell
ObjectId("5b5143522c3f9006d8b236d2"),1532052304759,XLMBTC,11663358,0.00004077,2475,37714084,37714094,1532052304756,sell
ObjectId("5b5143522c3f9006d8b236d3"),1532052304759,XLMBTC,11663359,0.00004077,109,37714085,37714094,1532052304756,sell
ObjectId("5b5143522c3f9006d8b236d4"),1532052304779,XLMBTC,11663360,0.00004077,1922,37714085,37714095,1532052304775,sell
ObjectId("5b5143522c3f9006d8b236d5"),1532052304806,XLMBTC,11663361,0.00004076,2171,37714070,37714096,1532052304803,sell
ObjectId("5b5143532c3f9006d8b236d6"),1532052305421,XLMBTC,11663362,0.00004075,254,37714089,37714097,1532052305418,sell
ObjectId("5b5143562c3f9006d8b236d7"),1532052308699,XLMBTC,11663363,0.00004075,6,37714089,37714104,1532052308696,sell
ObjectId("5b5143592c3f9006d8b236d8"),1532052311162,XLMBTC,11663364,0.00004075,150,37714089,37714108,1532052311160,sell
ObjectId("5b51435a2c3f9006d8b236d9"),1532052312500,XLMBTC,11663365,0.00004076,254,37714110,37714096,1532052312497,buy
ObjectId("5b51435b2c3f9006d8b236da"),1532052312921,XLMBTC,11663366,0.00004077,390,37714111,37714099,1532052312918,buy
ObjectId("5b51435b2c3f9006d8b236db"),1532052313434,XLMBTC,11663367,0.00004075,571,37714089,37714113,1532052313431,sell
ObjectId("5b51435d2c3f9006d8b236dc"),1532052315271,XLMBTC,11663368,0.00004077,955,37714117,37714099,1532052315266,buy
ObjectId("5b51435e2c3f9006d8b236dd"),1532052316436,XLMBTC,11663369,0.00004074,100,37714067,37714121,1532052316434,sell
ObjectId("5b5143602c3f9006d8b236de"),1532052318690,XLMBTC,11663370,0.00004077,7,37714123,37714099,1532052318687,buy
ObjectId("5b5143622c3f9006d8b236df"),1532052320801,XLMBTC,11663371,0.00004077,43,37714127,37714099,1532052320796,buy
ObjectId("5b5143632c3f9006d8b236e0"),1532052321432,XLMBTC,11663372,0.00004074,220,37714128,37714129,1532052321427,sell
ObjectId("5b5143682c3f9006d8b236e1"),1532052326673,XLMBTC,11663373,0.00004074,332,37714128,37714142,1532052326670,sell
ObjectId("5b5143682c3f9006d8b236e2"),1532052326673,XLMBTC,11663374,0.00004074,220,37714133,37714142,1532052326670,sell
ObjectId("5b5143682c3f9006d8b236e3"),1532052326703,XLMBTC,11663375,0.00004074,1310,37714133,37714143,1532052326700,sell
ObjectId("5b51436a2c3f9006d8b236e4"),1532052328090,XLMBTC,11663376,0.00004073,330,37714122,37714146,1532052328087,sell
ObjectId("5b51436a2c3f9006d8b236e5"),1532052328090,XLMBTC,11663377,0.00004072,330,37714088,37714146,1532052328087,sell
ObjectId("5b51436a2c3f9006d8b236e6"),1532052328090,XLMBTC,11663378,0.0000407,4342,37713738,37714146,1532052328087,sell
ObjectId("5b51436c2c3f9006d8b236e7"),1532052330402,XLMBTC,11663379,0.00004077,717,37714155,37714099,1532052330398,buy
ObjectId("5b51436d2c3f9006d8b236e8"),1532052331012,XLMBTC,11663380,0.0000407,635,37713738,37714156,1532052331009,sell
ObjectId("5b51436d2c3f9006d8b236e9"),1532052331848,XLMBTC,11663381,0.0000407,1954,37713738,37714160,1532052331845,sell
ObjectId("5b5143712c3f9006d8b236ea"),1532052335659,XLMBTC,11663382,0.00004077,179,37714171,37714099,1532052335655,buy
ObjectId("5b5143732c3f9006d8b236eb"),1532052337283,XLMBTC,11663383,0.00004077,59,37714173,37714099,1532052337279,buy
ObjectId("5b5143742c3f9006d8b236ec"),1532052338264,XLMBTC,11663384,0.00004072,1320,37714165,37714179,1532052338261,sell
ObjectId("5b5143742c3f9006d8b236ed"),1532052338282,XLMBTC,11663385,0.00004072,2700,37714166,37714180,1532052338279,sell
ObjectId("5b5143782c3f9006d8b236ee"),1532052342182,XLMBTC,11663386,0.00004071,207,37714161,37714189,1532052342177,sell
ObjectId("5b5143782c3f9006d8b236ef"),1532052342285,XLMBTC,11663387,0.00004071,358,37714161,37714192,1532052342282,sell
ObjectId("5b51437f2c3f9006d8b236f0"),1532052349390,XLMBTC,11663388,0.00004077,25,37714211,37714099,1532052349388,buy
ObjectId("5b5143832c3f9006d8b236f1"),1532052353440,XLMBTC,11663389,0.00004075,317,37714224,37714226,1532052353437,sell
ObjectId("5b5143862c3f9006d8b236f2"),1532052356237,XLMBTC,11663390,0.00004072,12,37714208,37714232,1532052356237,sell
ObjectId("5b5143892c3f9006d8b236f3"),1532052359607,XLMBTC,11663391,0.00004072,12,37714208,37714244,1532052359604,sell
ObjectId("5b51438d2c3f9006d8b236f4"),1532052363066,XLMBTC,11663392,0.00004073,500,37714246,37714249,1532052363063,sell
ObjectId("5b51438d2c3f9006d8b236f5"),1532052363506,XLMBTC,11663393,0.00004073,2092,37714246,37714252,1532052363504,sell
ObjectId("5b51438d2c3f9006d8b236f6"),1532052363629,XLMBTC,11663394,0.00004073,82,37714253,37714252,1532052363624,buy
ObjectId("5b51438e2c3f9006d8b236f7"),1532052364436,XLMBTC,11663395,0.00004073,418,37714257,37714252,1532052364432,buy
ObjectId("5b51438e2c3f9006d8b236f8"),1532052364441,XLMBTC,11663396,0.00004072,418,37714208,37714258,1532052364436,sell
ObjectId("5b51438f2c3f9006d8b236f9"),1532052365302,XLMBTC,11663397,0.00004072,2290,37714208,37714263,1532052365301,sell
ObjectId("5b5143902c3f9006d8b236fa"),1532052366278,XLMBTC,11663398,0.00004072,3421,37714208,37714272,1532052366275,sell
ObjectId("5b5143902c3f9006d8b236fb"),1532052366308,XLMBTC,11663399,0.00004072,4730,37714273,37714272,1532052366307,buy
ObjectId("5b5143902c3f9006d8b236fc"),1532052366417,XLMBTC,11663400,0.00004072,764,37714274,37714272,1532052366413,buy
ObjectId("5b5143902c3f9006d8b236fd"),1532052366442,XLMBTC,11663401,0.00004071,38,37714198,37714275,1532052366441,sell
ObjectId("5b5143912c3f9006d8b236fe"),1532052367443,XLMBTC,11663402,0.00004071,51,37714276,37714277,1532052367440,sell
ObjectId("5b5143922c3f9006d8b236ff"),1532052368445,XLMBTC,11663403,0.0000407,170,37713738,37714280,1532052368442,sell
ObjectId("5b5143932c3f9006d8b23700"),1532052369097,XLMBTC,11663404,0.0000407,96,37713738,37714282,1532052369093,sell
ObjectId("5b5143932c3f9006d8b23701"),1532052369121,XLMBTC,11663405,0.0000407,47,37713738,37714283,1532052369119,sell
ObjectId("5b5143932c3f9006d8b23702"),1532052369444,XLMBTC,11663406,0.0000407,940,37713738,37714288,1532052369440,sell
ObjectId("5b5143932c3f9006d8b23703"),1532052369444,XLMBTC,11663407,0.0000407,36,37714080,37714288,1532052369440,sell
ObjectId("5b5143932c3f9006d8b23704"),1532052369444,XLMBTC,11663408,0.0000407,479,37714190,37714288,1532052369440,sell
ObjectId("5b5143932c3f9006d8b23705"),1532052369507,XLMBTC,11663409,0.00004072,792,37714289,37714272,1532052369506,buy
ObjectId("5b5143942c3f9006d8b23706"),1532052370348,XLMBTC,11663410,0.0000407,25,37714190,37714291,1532052370343,sell
ObjectId("5b5143942c3f9006d8b23707"),1532052370474,XLMBTC,11663411,0.00004072,663,37714293,37714272,1532052370471,buy
ObjectId("5b5143952c3f9006d8b23708"),1532052371436,XLMBTC,11663412,0.0000407,663,37714190,37714294,1532052371432,sell
ObjectId("5b5143962c3f9006d8b23709"),1532052372013,XLMBTC,11663413,0.0000407,450,37714190,37714296,1532052372010,sell
ObjectId("5b5143962c3f9006d8b2370a"),1532052372122,XLMBTC,11663414,0.0000407,263,37714297,37714296,1532052372120,buy
ObjectId("5b5143962c3f9006d8b2370b"),1532052372358,XLMBTC,11663415,0.0000407,14843,37714298,37714296,1532052372355,buy
ObjectId("5b51439e2c3f9006d8b2370c"),1532052380319,XLMBTC,11663416,0.0000407,1000,37714328,37714326,1532052380316,buy
ObjectId("5b51439e2c3f9006d8b2370d"),1532052380830,XLMBTC,11663417,0.00004076,20,37714332,37714330,1532052380827,buy
ObjectId("5b5143a22c3f9006d8b2370e"),1532052384537,XLMBTC,11663418,0.00004071,3613,37714342,37714341,1532052384534,buy
ObjectId("5b5143a22c3f9006d8b2370f"),1532052384545,XLMBTC,11663419,0.00004068,1853,37714333,37714343,1532052384541,sell
ObjectId("5b5143a22c3f9006d8b23710"),1532052384561,XLMBTC,11663420,0.00004068,2204,37714334,37714344,1532052384559,sell
ObjectId("5b5143a32c3f9006d8b23711"),1532052385447,XLMBTC,11663421,0.00004075,1,37714346,37714337,1532052385444,buy
ObjectId("5b5143a62c3f9006d8b23712"),1532052388290,XLMBTC,11663422,0.00004076,1,37714355,37714354,1532052388286,buy
ObjectId("5b5143a72c3f9006d8b23713"),1532052389000,XLMBTC,11663423,0.00004076,28,37714358,37714354,1532052388997,buy
ObjectId("5b5143a72c3f9006d8b23714"),1532052389266,XLMBTC,11663424,0.00004076,878,37714358,37714362,1532052389265,sell
ObjectId("5b5143a82c3f9006d8b23715"),1532052390397,XLMBTC,11663425,0.00004072,3704,37714373,37714372,1532052390393,buy
ObjectId("5b5143a82c3f9006d8b23716"),1532052390407,XLMBTC,11663426,0.00004068,2346,37714351,37714374,1532052390405,sell
ObjectId("5b5143a82c3f9006d8b23717"),1532052390431,XLMBTC,11663427,0.00004068,1287,37714352,37714375,1532052390428,sell
ObjectId("5b5143a92c3f9006d8b23718"),1532052391349,XLMBTC,11663428,0.00004076,1,37714376,37714367,1532052391346,buy
ObjectId("5b5143ac2c3f9006d8b23719"),1532052394315,XLMBTC,11663429,0.00004077,1,37714385,37714099,1532052394311,buy
ObjectId("5b5143af2c3f9006d8b2371a"),1532052396977,XLMBTC,11663430,0.00004076,1,37714390,37714388,1532052396974,buy
ObjectId("5b5143b22c3f9006d8b2371b"),1532052400545,XLMBTC,11663431,0.00004077,1,37714402,37714099,1532052400541,buy
ObjectId("5b5143b52c3f9006d8b2371c"),1532052403302,XLMBTC,11663432,0.00004077,1,37714408,37714099,1532052403299,buy
ObjectId("5b5143b82c3f9006d8b2371d"),1532052406307,XLMBTC,11663433,0.00004077,1,37714419,37714099,1532052406303,buy
ObjectId("5b5143bb2c3f9006d8b2371e"),1532052409180,XLMBTC,11663434,0.00004077,1,37714427,37714099,1532052409178,buy
ObjectId("5b5143bc2c3f9006d8b2371f"),1532052410446,XLMBTC,11663435,0.00004076,4825,37714433,37714436,1532052410444,sell
ObjectId("5b5143bd2c3f9006d8b23720"),1532052411825,XLMBTC,11663436,0.00004076,1234,37714433,37714440,1532052411822,sell
ObjectId("5b5143c12c3f9006d8b23721"),1532052415170,XLMBTC,11663437,0.00004076,5002,37714433,37714448,1532052415166,sell
ObjectId("5b5143c12c3f9006d8b23722"),1532052415443,XLMBTC,11663438,0.00004076,422,37714433,37714449,1532052415440,sell
ObjectId("5b5143c22c3f9006d8b23723"),1532052416304,XLMBTC,11663439,0.00004076,375,37714451,37714452,1532052416300,sell
ObjectId("5b5143c22c3f9006d8b23724"),1532052416308,XLMBTC,11663440,0.00004076,62,37714451,37714453,1532052416305,sell
ObjectId("5b5143c62c3f9006d8b23725"),1532052420035,XLMBTC,11663441,0.00004073,175,37714470,37714469,1532052420033,buy
ObjectId("5b5143c62c3f9006d8b23726"),1532052420048,XLMBTC,11663442,0.00004071,1842,37714458,37714471,1532052420045,sell
ObjectId("5b5143c62c3f9006d8b23727"),1532052420075,XLMBTC,11663443,0.00004071,74,37714459,37714472,1532052420074,sell
ObjectId("5b5143c92c3f9006d8b23728"),1532052423001,XLMBTC,11663444,0.0000407,41,37714454,37714479,1532052422997,sell
ObjectId("5b5143d12c3f9006d8b23729"),1532052431657,XLMBTC,11663445,0.0000407,8,37714454,37714498,1532052431653,sell
ObjectId("5b5143d12c3f9006d8b2372a"),1532052431657,XLMBTC,11663446,0.0000407,49,37714455,37714498,1532052431653,sell
ObjectId("5b5143d12c3f9006d8b2372b"),1532052431657,XLMBTC,11663447,0.0000407,49,37714456,37714498,1532052431653,sell
ObjectId("5b5143d12c3f9006d8b2372c"),1532052431657,XLMBTC,11663448,0.0000407,49,37714460,37714498,1532052431653,sell
ObjectId("5b5143d32c3f9006d8b2372d"),1532052433881,XLMBTC,11663449,0.00004069,49,37714500,37714505,1532052433876,sell
ObjectId("5b5143d32c3f9006d8b2372e"),1532052433881,XLMBTC,11663450,0.00004068,49,37714371,37714505,1532052433876,sell
ObjectId("5b5143d32c3f9006d8b2372f"),1532052433881,XLMBTC,11663451,0.00004067,121,37713579,37714505,1532052433876,sell
ObjectId("5b5143d32c3f9006d8b23730"),1532052433881,XLMBTC,11663452,0.00004067,2447,37714206,37714505,1532052433876,sell
ObjectId("5b5143d42c3f9006d8b23731"),1532052434274,XLMBTC,11663453,0.00004067,1315,37714507,37714505,1532052434270,buy
ObjectId("5b5143d42c3f9006d8b23732"),1532052434294,XLMBTC,11663454,0.00004067,100,37714510,37714505,1532052434290,buy
ObjectId("5b5143d42c3f9006d8b23733"),1532052434365,XLMBTC,11663455,0.00004067,218,37714512,37714505,1532052434363,buy
ObjectId("5b5143d42c3f9006d8b23734"),1532052434370,XLMBTC,11663456,0.00004067,160,37714513,37714505,1532052434366,buy
ObjectId("5b5143d72c3f9006d8b23735"),1532052437611,XLMBTC,11663457,0.00004067,218,37714513,37714527,1532052437604,sell
ObjectId("5b5143d72c3f9006d8b23736"),1532052437611,XLMBTC,11663458,0.00004067,378,37714514,37714527,1532052437604,sell
ObjectId("5b5143d72c3f9006d8b23737"),1532052437611,XLMBTC,11663459,0.00004067,378,37714515,37714527,1532052437604,sell
ObjectId("5b5143d72c3f9006d8b23738"),1532052437611,XLMBTC,11663460,0.00004065,716,37714259,37714527,1532052437604,sell
ObjectId("5b5143d72c3f9006d8b23739"),1532052437611,XLMBTC,11663461,0.00004061,74,37712766,37714527,1532052437604,sell
ObjectId("5b5143d72c3f9006d8b2373a"),1532052437611,XLMBTC,11663462,0.00004061,29,37713607,37714527,1532052437604,sell
ObjectId("5b5143d72c3f9006d8b2373b"),1532052437611,XLMBTC,11663463,0.00004061,50,37713796,37714527,1532052437604,sell
ObjectId("5b5143d72c3f9006d8b2373c"),1532052437611,XLMBTC,11663464,0.00004061,4924,37714314,37714527,1532052437604,sell
ObjectId("5b5143d72c3f9006d8b2373d"),1532052437611,XLMBTC,11663465,0.0000406,654,37714428,37714527,1532052437604,sell
ObjectId("5b5143d72c3f9006d8b2373e"),1532052437611,XLMBTC,11663466,0.00004059,33,37713095,37714527,1532052437604,sell
ObjectId("5b5143d72c3f9006d8b2373f"),1532052437611,XLMBTC,11663467,0.00004058,36,37712170,37714527,1532052437604,sell
ObjectId("5b5143d72c3f9006d8b23740"),1532052437611,XLMBTC,11663468,0.00004058,50,37712684,37714527,1532052437604,sell
ObjectId("5b5143d72c3f9006d8b23741"),1532052437611,XLMBTC,11663469,0.00004058,124,37712901,37714527,1532052437604,sell
ObjectId("5b5143d72c3f9006d8b23742"),1532052437611,XLMBTC,11663470,0.00004058,664,37713089,37714527,1532052437604,sell
ObjectId("5b5143d72c3f9006d8b23743"),1532052437611,XLMBTC,11663471,0.00004056,660,37714491,37714527,1532052437604,sell
ObjectId("5b5143d72c3f9006d8b23744"),1532052437611,XLMBTC,11663472,0.00004056,700,37714499,37714527,1532052437604,sell
ObjectId("5b5143d72c3f9006d8b23745"),1532052437611,XLMBTC,11663473,0.00004054,321,37712681,37714527,1532052437604,sell
ObjectId("5b5143d72c3f9006d8b23746"),1532052437611,XLMBTC,11663474,0.00004054,124,37712687,37714527,1532052437604,sell
ObjectId("5b5143d72c3f9006d8b23747"),1532052437611,XLMBTC,11663475,0.00004054,25,37712695,37714527,1532052437604,sell
ObjectId("5b5143d72c3f9006d8b23748"),1532052437611,XLMBTC,11663476,0.00004054,242,37713505,37714527,1532052437604,sell
ObjectId("5b5143d72c3f9006d8b23749"),1532052437611,XLMBTC,11663477,0.00004053,55,37713378,37714527,1532052437604,sell
ObjectId("5b5143d72c3f9006d8b2374a"),1532052437611,XLMBTC,11663478,0.00004053,1017,37713589,37714527,1532052437604,sell
ObjectId("5b5143d72c3f9006d8b2374b"),1532052437612,XLMBTC,11663479,0.00004053,672,37713589,37713916,1532052437604,sell
ObjectId("5b5143d72c3f9006d8b2374c"),1532052437628,XLMBTC,11663480,0.0000406,500,37714528,37714185,1532052437624,buy
ObjectId("5b5143d72c3f9006d8b2374d"),1532052437637,XLMBTC,11663481,0.0000406,115,37714529,37714185,1532052437634,buy
ObjectId("5b5143d72c3f9006d8b2374e"),1532052437684,XLMBTC,11663482,0.0000406,264,37714531,37714185,1532052437681,buy
ObjectId("5b5143d72c3f9006d8b2374f"),1532052437685,XLMBTC,11663483,0.0000406,263,37714532,37714185,1532052437682,buy
ObjectId("5b5143d72c3f9006d8b23750"),1532052437787,XLMBTC,11663484,0.0000406,2830,37714535,37714185,1532052437786,buy
ObjectId("5b5143d72c3f9006d8b23751"),1532052437835,XLMBTC,11663485,0.0000406,6026,37714536,37714185,1532052437830,buy
ObjectId("5b5143d82c3f9006d8b23752"),1532052438749,XLMBTC,11663486,0.00004058,752,37714553,37714556,1532052438744,sell
ObjectId("5b5143da2c3f9006d8b23753"),1532052440367,XLMBTC,11663487,0.0000406,2,37714598,37714185,1532052440363,buy
ObjectId("5b5143dc2c3f9006d8b23754"),1532052442815,XLMBTC,11663488,0.00004068,33,37714643,37714590,1532052442811,buy
ObjectId("5b5143e72c3f9006d8b23755"),1532052453019,XLMBTC,11663489,0.00004068,16,37714708,37714590,1532052452962,buy
ObjectId("5b5143e72c3f9006d8b23756"),1532052453019,XLMBTC,11663490,0.00004068,84,37714708,37714653,1532052452962,buy
ObjectId("5b5143ea2c3f9006d8b23757"),1532052456466,XLMBTC,11663491,0.00004065,1409,37714715,37714719,1532052456465,sell
ObjectId("5b5143ea2c3f9006d8b23758"),1532052456466,XLMBTC,11663492,0.00004065,1574,37714716,37714719,1532052456465,sell
ObjectId("5b5143ed2c3f9006d8b23759"),1532052459469,XLMBTC,11663493,0.00004065,33,37714734,37714736,1532052459467,sell
ObjectId("5b5143f02c3f9006d8b2375a"),1532052462441,XLMBTC,11663494,0.00004064,884,37714743,37714744,1532052462436,sell
ObjectId("5b5143f12c3f9006d8b2375b"),1532052463437,XLMBTC,11663495,0.00004067,2218,37714751,37714717,1532052463432,buy
ObjectId("5b5143f22c3f9006d8b2375c"),1532052464448,XLMBTC,11663496,0.00004065,1497,37714753,37714754,1532052464444,sell
ObjectId("5b5143f32c3f9006d8b2375d"),1532052465135,XLMBTC,11663497,0.00004067,1947,37714757,37714717,1532052465132,buy
ObjectId("5b5143f32c3f9006d8b2375e"),1532052465159,XLMBTC,11663498,0.00004065,246,37714758,37714759,1532052465156,sell
ObjectId("5b5143f32c3f9006d8b2375f"),1532052465508,XLMBTC,11663499,0.00004064,81,37714750,37714761,1532052465505,sell
ObjectId("5b5143f52c3f9006d8b23760"),1532052467445,XLMBTC,11663500,0.00004065,473,37714766,37714768,1532052467441,sell
ObjectId("5b5143fc2c3f9006d8b23761"),1532052474442,XLMBTC,11663501,0.00004067,53,37714799,37714717,1532052474440,buy
ObjectId("5b5143fc2c3f9006d8b23762"),1532052474569,XLMBTC,11663502,0.00004065,3,37714798,37714800,1532052474566,sell
ObjectId("5b5143fd2c3f9006d8b23763"),1532052475438,XLMBTC,11663503,0.00004065,706,37714798,37714802,1532052475433,sell
ObjectId("5b5143fe2c3f9006d8b23764"),1532052476445,XLMBTC,11663504,0.00004066,381,37714804,37714805,1532052476441,sell
ObjectId("5b5143ff2c3f9006d8b23765"),1532052477444,XLMBTC,11663505,0.00004065,706,37714798,37714806,1532052477443,sell
ObjectId("5b5144002c3f9006d8b23766"),1532052478442,XLMBTC,11663506,0.00004066,706,37714807,37714812,1532052478442,sell
ObjectId("5b5144002c3f9006d8b23767"),1532052478625,XLMBTC,11663507,0.00004067,22,37714813,37714717,1532052478622,buy
ObjectId("5b5144012c3f9006d8b23768"),1532052479446,XLMBTC,11663508,0.00004066,177,37714807,37714816,1532052479442,sell
ObjectId("5b5144082c3f9006d8b23769"),1532052486450,XLMBTC,11663509,0.00004065,684,37714831,37714834,1532052486447,sell
ObjectId("5b5144092c3f9006d8b2376a"),1532052487306,XLMBTC,11663510,0.00004065,80,37714831,37714835,1532052487303,sell
ObjectId("5b51440a2c3f9006d8b2376b"),1532052488185,XLMBTC,11663511,0.00004066,1573,37714839,37714838,1532052488182,buy
ObjectId("5b51440a2c3f9006d8b2376c"),1532052488195,XLMBTC,11663512,0.00004065,92,37714831,37714840,1532052488192,sell
ObjectId("5b51440a2c3f9006d8b2376d"),1532052488431,XLMBTC,11663513,0.00004065,551,37714841,37714840,1532052488427,buy
ObjectId("5b51440a2c3f9006d8b2376e"),1532052488450,XLMBTC,11663514,0.00004062,62,37714738,37714842,1532052488446,sell
ObjectId("5b51440b2c3f9006d8b2376f"),1532052489358,XLMBTC,11663515,0.00004064,31,37714844,37714847,1532052489353,sell
ObjectId("5b51440b2c3f9006d8b23770"),1532052489446,XLMBTC,11663516,0.00004064,213,37714844,37714848,1532052489442,sell
ObjectId("5b51440b2c3f9006d8b23771"),1532052489462,XLMBTC,11663517,0.00004064,639,37714844,37714849,1532052489459,sell
ObjectId("5b51440d2c3f9006d8b23772"),1532052491423,XLMBTC,11663518,0.00004065,213,37714859,37714840,1532052491420,buy
ObjectId("5b5144102c3f9006d8b23773"),1532052494465,XLMBTC,11663519,0.00004066,684,37714866,37714870,1532052494464,sell
ObjectId("5b5144102c3f9006d8b23774"),1532052494472,XLMBTC,11663520,0.00004066,65,37714866,37714871,1532052494468,sell
ObjectId("5b5144132c3f9006d8b23775"),1532052497847,XLMBTC,11663521,0.00004066,846,37714866,37714876,1532052497842,sell
ObjectId("5b5144132c3f9006d8b23776"),1532052497847,XLMBTC,11663522,0.00004066,421,37714868,37714876,1532052497842,sell
ObjectId("5b5144132c3f9006d8b23777"),1532052497875,XLMBTC,11663523,0.00004066,79,37714868,37714878,1532052497870,sell
ObjectId("5b5144132c3f9006d8b23778"),1532052497875,XLMBTC,11663524,0.00004066,1267,37714877,37714878,1532052497870,sell
ObjectId("5b5144142c3f9006d8b23779"),1532052498476,XLMBTC,11663525,0.00004065,684,37714874,37714881,1532052498472,sell
ObjectId("5b5144192c3f9006d8b2377a"),1532052503383,XLMBTC,11663526,0.00004067,153,37714885,37714867,1532052503380,buy
ObjectId("5b5144192c3f9006d8b2377b"),1532052503422,XLMBTC,11663527,0.00004065,25,37714874,37714886,1532052503419,sell
ObjectId("5b5144192c3f9006d8b2377c"),1532052503479,XLMBTC,11663528,0.00004065,531,37714874,37714887,1532052503475,sell
ObjectId("5b51441a2c3f9006d8b2377d"),1532052504858,XLMBTC,11663529,0.00004067,531,37714890,37714867,1532052504856,buy
ObjectId("5b51441e2c3f9006d8b2377e"),1532052508476,XLMBTC,11663530,0.00004066,93,37714899,37714900,1532052508473,sell
ObjectId("5b5144202c3f9006d8b2377f"),1532052510728,XLMBTC,11663531,0.00004068,65,37714904,37714653,1532052510726,buy
ObjectId("5b5144202c3f9006d8b23780"),1532052510728,XLMBTC,11663532,0.00004068,28,37714904,37714864,1532052510726,buy
ObjectId("5b5144212c3f9006d8b23781"),1532052511597,XLMBTC,11663533,0.00004066,248,37714899,37714905,1532052511594,sell
ObjectId("5b5144212c3f9006d8b23782"),1532052511730,XLMBTC,11663534,0.00004069,2,37714906,37714580,1532052511727,buy
ObjectId("5b5144222c3f9006d8b23783"),1532052512813,XLMBTC,11663535,0.00004066,19,37714899,37714908,1532052512811,sell
ObjectId("5b5144232c3f9006d8b23784"),1532052513019,XLMBTC,11663536,0.00004067,2739,37714911,37714910,1532052513017,buy
ObjectId("5b5144232c3f9006d8b23785"),1532052513039,XLMBTC,11663537,0.00004066,560,37714899,37714912,1532052513035,sell
ObjectId("5b5144232c3f9006d8b23786"),1532052513355,XLMBTC,11663538,0.00004066,360,37714913,37714912,1532052513351,buy
ObjectId("5b5144272c3f9006d8b23787"),1532052517607,XLMBTC,11663539,0.00004066,884,37714918,37714921,1532052517603,sell
ObjectId("5b5144282c3f9006d8b23788"),1532052518476,XLMBTC,11663540,0.00004065,2170,37714874,37714923,1532052518473,sell
ObjectId("5b5144292c3f9006d8b23789"),1532052519511,XLMBTC,11663541,0.00004066,934,37714925,37714921,1532052519508,buy
ObjectId("5b51442a2c3f9006d8b2378a"),1532052520478,XLMBTC,11663542,0.00004065,1236,37714874,37714928,1532052520476,sell
ObjectId("5b51442d2c3f9006d8b2378b"),1532052523415,XLMBTC,11663543,0.00004066,1236,37714934,37714921,1532052523413,buy
ObjectId("5b5144342c3f9006d8b2378c"),1532052530191,XLMBTC,11663544,0.00004066,599,37714939,37714952,1532052530188,sell
ObjectId("5b5144342c3f9006d8b2378d"),1532052530475,XLMBTC,11663545,0.00004067,179,37714955,37714954,1532052530471,buy
ObjectId("5b5144342c3f9006d8b2378e"),1532052530485,XLMBTC,11663546,0.00004066,17,37714939,37714956,1532052530482,sell
ObjectId("5b5144342c3f9006d8b2378f"),1532052530485,XLMBTC,11663547,0.00004066,95,37714940,37714956,1532052530482,sell
ObjectId("5b5144352c3f9006d8b23790"),1532052531475,XLMBTC,11663548,0.00004065,504,37714874,37714962,1532052531471,sell
ObjectId("5b5144392c3f9006d8b23791"),1532052535479,XLMBTC,11663549,0.00004065,604,37714874,37714972,1532052535478,sell
ObjectId("5b51443a2c3f9006d8b23792"),1532052536893,XLMBTC,11663550,0.00004066,483,37714975,37714956,1532052536889,buy
ObjectId("5b51443b2c3f9006d8b23793"),1532052537285,XLMBTC,11663551,0.00004066,2,37714976,37714956,1532052537280,buy
ObjectId("5b51443b2c3f9006d8b23794"),1532052537521,XLMBTC,11663552,0.00004065,119,37714874,37714978,1532052537519,sell
ObjectId("5b51443c2c3f9006d8b23795"),1532052538266,XLMBTC,11663553,0.00004066,19,37714979,37714956,1532052538262,buy
ObjectId("5b51443c2c3f9006d8b23796"),1532052538266,XLMBTC,11663554,0.00004066,35,37714979,37714970,1532052538262,buy
ObjectId("5b51443c2c3f9006d8b23797"),1532052538478,XLMBTC,11663555,0.00004065,65,37714874,37714981,1532052538475,sell
ObjectId("5b5144442c3f9006d8b23798"),1532052546549,XLMBTC,11663556,0.00004066,65,37714998,37714970,1532052546546,buy
ObjectId("5b5144452c3f9006d8b23799"),1532052547482,XLMBTC,11663557,0.00004067,35,37715002,37715004,1532052547480,sell
ObjectId("5b5144482c3f9006d8b2379a"),1532052550668,XLMBTC,11663558,0.00004068,2147,37715012,37715011,1532052550666,buy
ObjectId("5b5144482c3f9006d8b2379b"),1532052550682,XLMBTC,11663559,0.00004067,420,37715002,37715013,1532052550679,sell
ObjectId("5b5144482c3f9006d8b2379c"),1532052550682,XLMBTC,11663560,0.00004067,35,37715003,37715013,1532052550679,sell
ObjectId("5b5144482c3f9006d8b2379d"),1532052550703,XLMBTC,11663561,0.00004067,1725,37715003,37715014,1532052550700,sell
ObjectId("5b51444b2c3f9006d8b2379e"),1532052553417,XLMBTC,11663562,0.00004067,35,37715021,37715014,1532052553414,buy
ObjectId("5b51444b2c3f9006d8b2379f"),1532052553477,XLMBTC,11663563,0.00004066,35,37715022,37715024,1532052553474,sell
ObjectId("5b51444c2c3f9006d8b237a0"),1532052554424,XLMBTC,11663564,0.00004066,92,37715022,37715026,1532052554422,sell
ObjectId("5b51444c2c3f9006d8b237a1"),1532052554424,XLMBTC,11663565,0.00004066,174,37715023,37715026,1532052554422,sell
ObjectId("5b51444c2c3f9006d8b237a2"),1532052554480,XLMBTC,11663566,0.00004065,2988,37714874,37715027,1532052554477,sell
ObjectId("5b51444c2c3f9006d8b237a3"),1532052554890,XLMBTC,11663567,0.00004066,883,37715028,37715026,1532052554885,buy
ObjectId("5b51444d2c3f9006d8b237a4"),1532052555309,XLMBTC,11663568,0.00004066,869,37715030,37715026,1532052555306,buy
ObjectId("5b51444e2c3f9006d8b237a5"),1532052556532,XLMBTC,11663569,0.00004066,635,37715038,37715026,1532052556528,buy
ObjectId("5b5144502c3f9006d8b237a6"),1532052558258,XLMBTC,11663570,0.00004066,37,37715041,37715026,1532052558255,buy
ObjectId("5b5144522c3f9006d8b237a7"),1532052560482,XLMBTC,11663571,0.00004064,281,37715032,37715048,1532052560479,sell
ObjectId("5b5144532c3f9006d8b237a8"),1532052561478,XLMBTC,11663572,0.00004065,47,37715050,37715053,1532052561474,sell
ObjectId("5b5144532c3f9006d8b237a9"),1532052561478,XLMBTC,11663573,0.00004065,1908,37715051,37715053,1532052561474,sell
ObjectId("5b5144542c3f9006d8b237aa"),1532052561940,XLMBTC,11663574,0.00004066,3808,37715056,37715026,1532052561935,buy
ObjectId("5b5144542c3f9006d8b237ab"),1532052561940,XLMBTC,11663575,0.00004069,35,37715056,37714580,1532052561935,buy
ObjectId("5b5144542c3f9006d8b237ac"),1532052562284,XLMBTC,11663576,0.00004069,375,37715056,37715057,1532052562282,sell
ObjectId("5b5144542c3f9006d8b237ad"),1532052562299,XLMBTC,11663577,0.00004069,750,37715056,37715058,1532052562296,sell
ObjectId("5b5144542c3f9006d8b237ae"),1532052562300,XLMBTC,11663578,0.00004069,1875,37715056,37715059,1532052562296,sell
ObjectId("5b5144542c3f9006d8b237af"),1532052562480,XLMBTC,11663579,0.00004069,16328,37715056,37715060,1532052562475,sell
ObjectId("5b51445c2c3f9006d8b237b0"),1532052570717,XLMBTC,11663580,0.00004069,15624,37715056,37715084,1532052570712,sell
ObjectId("5b5144612c3f9006d8b237b1"),1532052575027,XLMBTC,11663581,0.00004069,28,37715093,37715084,1532052575024,buy
ObjectId("5b5144612c3f9006d8b237b2"),1532052575486,XLMBTC,11663582,0.00004066,632,37715092,37715096,1532052575485,sell
ObjectId("5b5144622c3f9006d8b237b3"),1532052575916,XLMBTC,11663583,0.00004066,3604,37715098,37715097,1532052575911,buy
ObjectId("5b5144622c3f9006d8b237b4"),1532052575927,XLMBTC,11663584,0.00004064,1004,37715086,37715099,1532052575923,sell
ObjectId("5b5144622c3f9006d8b237b5"),1532052575945,XLMBTC,11663585,0.00004064,1959,37715087,37715102,1532052575944,sell
ObjectId("5b5144622c3f9006d8b237b6"),1532052576691,XLMBTC,11663586,0.00004069,1261,37715103,37715084,1532052576688,buy
ObjectId("5b51446c2c3f9006d8b237b7"),1532052586830,XLMBTC,11663587,0.00004066,1986,37715109,37715119,1532052586826,sell
ObjectId("5b51446c2c3f9006d8b237b8"),1532052586846,XLMBTC,11663588,0.00004066,1535,37715110,37715120,1532052586844,sell
ObjectId("5b51446c2c3f9006d8b237b9"),1532052586872,XLMBTC,11663589,0.00004069,60,37715121,37715084,1532052586868,buy
ObjectId("5b5144712c3f9006d8b237ba"),1532052591087,XLMBTC,11663590,0.00004066,110,37715111,37715126,1532052591082,sell
ObjectId("5b5144722c3f9006d8b237bb"),1532052591942,XLMBTC,11663591,0.00004069,25,37715128,37715084,1532052591939,buy
ObjectId("5b5144752c3f9006d8b237bc"),1532052594969,XLMBTC,11663592,0.00004069,1,37715131,37715084,1532052594964,buy
ObjectId("5b5144762c3f9006d8b237bd"),1532052596171,XLMBTC,11663593,0.00004067,13,37715133,37715134,1532052596167,sell
ObjectId("5b5144762c3f9006d8b237be"),1532052596474,XLMBTC,11663594,0.00004067,3169,37715133,37715135,1532052596469,sell
ObjectId("5b5144782c3f9006d8b237bf"),1532052598479,XLMBTC,11663595,0.00004067,642,37715139,37715142,1532052598476,sell
ObjectId("5b5144782c3f9006d8b237c0"),1532052598479,XLMBTC,11663596,0.00004067,855,37715140,37715142,1532052598476,sell
ObjectId("5b5144822c3f9006d8b237c1"),1532052608382,XLMBTC,11663597,0.00004068,35,37715157,37715147,1532052608378,buy
ObjectId("5b5144822c3f9006d8b237c2"),1532052608695,XLMBTC,11663598,0.00004068,65,37715158,37715147,1532052608691,buy
ObjectId("5b5144822c3f9006d8b237c3"),1532052608695,XLMBTC,11663599,0.00004069,15,37715158,37715084,1532052608691,buy
ObjectId("5b5144832c3f9006d8b237c4"),1532052609552,XLMBTC,11663600,0.00004069,2530,37715159,37715084,1532052609548,buy
ObjectId("5b5144832c3f9006d8b237c5"),1532052609552,XLMBTC,11663601,0.00004069,1457,37715159,37715090,1532052609548,buy
ObjectId("5b5144862c3f9006d8b237c6"),1532052612489,XLMBTC,11663602,0.00004067,331,37715165,37715166,1532052612488,sell
ObjectId("5b5144882c3f9006d8b237c7"),1532052614481,XLMBTC,11663603,0.00004067,971,37715169,37715171,1532052614479,sell
ObjectId("5b51448b2c3f9006d8b237c8"),1532052617453,XLMBTC,11663604,0.00004069,4,37715178,37715090,1532052617448,buy
ObjectId("5b51448c2c3f9006d8b237c9"),1532052618435,XLMBTC,11663605,0.00004069,670,37715180,37715090,1532052618431,buy
ObjectId("5b51448f2c3f9006d8b237ca"),1532052621476,XLMBTC,11663606,0.00004068,4713,37715193,37715194,1532052621472,sell
ObjectId("5b5144912c3f9006d8b237cb"),1532052623239,XLMBTC,11663607,0.00004068,247,37715193,37715201,1532052623236,sell
ObjectId("5b5144912c3f9006d8b237cc"),1532052623807,XLMBTC,11663608,0.00004068,935,37715193,37715204,1532052623805,sell
ObjectId("5b5144922c3f9006d8b237cd"),1532052624872,XLMBTC,11663609,0.00004068,9,37715193,37715205,1532052624866,sell
ObjectId("5b5144932c3f9006d8b237ce"),1532052625390,XLMBTC,11663610,0.00004069,143,37715207,37715090,1532052625386,buy
ObjectId("5b5144932c3f9006d8b237cf"),1532052625488,XLMBTC,11663611,0.00004068,4412,37715193,37715208,1532052625486,sell
ObjectId("5b5144942c3f9006d8b237d0"),1532052626315,XLMBTC,11663612,0.00004068,52,37715213,37715215,1532052626312,sell
ObjectId("5b5144942c3f9006d8b237d1"),1532052626316,XLMBTC,11663613,0.00004067,212,37715209,37715215,1532052626312,sell
ObjectId("5b5144962c3f9006d8b237d2"),1532052628480,XLMBTC,11663614,0.00004067,7,37715209,37715223,1532052628476,sell
ObjectId("5b51449e2c3f9006d8b237d3"),1532052636259,XLMBTC,11663615,0.00004067,352,37715233,37715238,1532052636256,sell
ObjectId("5b51449f2c3f9006d8b237d4"),1532052636975,XLMBTC,11663616,0.00004067,246,37715233,37715241,1532052636971,sell
ObjectId("5b5144a12c3f9006d8b237d5"),1532052639693,XLMBTC,11663617,0.00004067,16200,37715233,37715244,1532052639688,sell
ObjectId("5b5144a22c3f9006d8b237d6"),1532052640483,XLMBTC,11663618,0.00004066,598,37715111,37715246,1532052640479,sell
ObjectId("5b5144a32c3f9006d8b237d7"),1532052641693,XLMBTC,11663619,0.00004067,116,37715248,37715244,1532052641690,buy
ObjectId("5b5144a42c3f9006d8b237d8"),1532052642482,XLMBTC,11663620,0.00004066,482,37715111,37715250,1532052642478,sell
ObjectId("5b5144a62c3f9006d8b237d9"),1532052644492,XLMBTC,11663621,0.00004066,151,37715111,37715254,1532052644488,sell
ObjectId("5b5144a72c3f9006d8b237da"),1532052645480,XLMBTC,11663622,0.00004065,100,37715177,37715257,1532052645474,sell
ObjectId("5b5144a82c3f9006d8b237db"),1532052646586,XLMBTC,11663623,0.00004067,482,37715261,37715244,1532052646582,buy
ObjectId("5b5144a82c3f9006d8b237dc"),1532052646784,XLMBTC,11663624,0.00004067,247,37715261,37715263,1532052646783,sell
ObjectId("5b5144a92c3f9006d8b237dd"),1532052647484,XLMBTC,11663625,0.00004067,515,37715261,37715264,1532052647482,sell
ObjectId("5b5144ad2c3f9006d8b237de"),1532052651589,XLMBTC,11663626,0.00004067,247,37715276,37715277,1532052651589,sell
ObjectId("5b5144ae2c3f9006d8b237df"),1532052651959,XLMBTC,11663627,0.00004067,1,37715276,37715279,1532052651958,sell
ObjectId("5b5144ae2c3f9006d8b237e0"),1532052652488,XLMBTC,11663628,0.00004067,493,37715276,37715281,1532052652485,sell
ObjectId("5b5144ae2c3f9006d8b237e1"),1532052652488,XLMBTC,11663629,0.00004067,377,37715278,37715281,1532052652485,sell
ObjectId("5b5144af2c3f9006d8b237e2"),1532052653358,XLMBTC,11663630,0.00004065,4713,37715284,37715283,1532052653354,buy
ObjectId("5b5144af2c3f9006d8b237e3"),1532052653366,XLMBTC,11663631,0.00004062,1696,37715271,37715285,1532052653365,sell
ObjectId("5b5144b62c3f9006d8b237e4"),1532052660150,XLMBTC,11663632,0.00004062,8,37715290,37715299,1532052660148,sell
ObjectId("5b5144b82c3f9006d8b237e5"),1532052661996,XLMBTC,11663633,0.00004063,3171,37715300,37715304,1532052661992,sell
ObjectId("5b5144b92c3f9006d8b237e6"),1532052663897,XLMBTC,11663634,0.00004063,7580,37715300,37715306,1532052663892,sell
ObjectId("5b5144ba2c3f9006d8b237e7"),1532052664113,XLMBTC,11663635,0.00004065,29264,37715308,37715307,1532052664109,buy
ObjectId("5b5144ba2c3f9006d8b237e8"),1532052664123,XLMBTC,11663636,0.00004063,9572,37715300,37715309,1532052664119,sell
ObjectId("5b5144ba2c3f9006d8b237e9"),1532052664286,XLMBTC,11663637,0.00004063,750,37715310,37715309,1532052664283,buy
ObjectId("5b5144ba2c3f9006d8b237ea"),1532052664289,XLMBTC,11663638,0.00004063,1875,37715311,37715309,1532052664286,buy
ObjectId("5b5144ba2c3f9006d8b237eb"),1532052664301,XLMBTC,11663639,0.00004063,375,37715312,37715309,1532052664297,buy
ObjectId("5b5144ba2c3f9006d8b237ec"),1532052664483,XLMBTC,11663640,0.00004061,453,37714756,37715314,1532052664479,sell
ObjectId("5b5144ba2c3f9006d8b237ed"),1532052664483,XLMBTC,11663641,0.00004061,49,37715266,37715314,1532052664479,sell
ObjectId("5b5144ba2c3f9006d8b237ee"),1532052664483,XLMBTC,11663642,0.00004061,28,37715305,37715314,1532052664479,sell
ObjectId("5b5144ba2c3f9006d8b237ef"),1532052664546,XLMBTC,11663643,0.00004063,1862,37715316,37715309,1532052664542,buy
ObjectId("5b5144bd2c3f9006d8b237f0"),1532052667464,XLMBTC,11663644,0.00004063,1019,37715325,37715309,1532052667462,buy
ObjectId("5b5144bf2c3f9006d8b237f1"),1532052669528,XLMBTC,11663645,0.00004063,1439,37715334,37715309,1532052669525,buy
ObjectId("5b5144c12c3f9006d8b237f2"),1532052671580,XLMBTC,11663646,0.00004061,75,37715330,37715345,1532052671577,sell
ObjectId("5b5144c32c3f9006d8b237f3"),1532052673176,XLMBTC,11663647,0.00004061,18701,37715330,37715350,1532052673171,sell
ObjectId("5b5144c32c3f9006d8b237f4"),1532052673176,XLMBTC,11663648,0.00004061,75,37715349,37715350,1532052673171,sell
ObjectId("5b5144c32c3f9006d8b237f5"),1532052673200,XLMBTC,11663649,0.00004061,408,37715349,37715351,1532052673199,sell
ObjectId("5b5144c52c3f9006d8b237f6"),1532052675656,XLMBTC,11663650,0.00004062,50,37715357,37715347,1532052675654,buy
ObjectId("5b5144c62c3f9006d8b237f7"),1532052676482,XLMBTC,11663651,0.00004061,50,37715359,37715363,1532052676481,sell
ObjectId("5b5144cd2c3f9006d8b237f8"),1532052683222,XLMBTC,11663652,0.00004061,2,37715359,37715387,1532052683218,sell
ObjectId("5b5144cf2c3f9006d8b237f9"),1532052685142,XLMBTC,11663653,0.00004061,6104,37715359,37715392,1532052685137,sell
ObjectId("5b5144cf2c3f9006d8b237fa"),1532052685467,XLMBTC,11663654,0.00004061,190,37715394,37715392,1532052685462,buy
ObjectId("5b5144cf2c3f9006d8b237fb"),1532052685485,XLMBTC,11663655,0.0000406,1751,37714882,37715395,1532052685482,sell
ObjectId("5b5144d02c3f9006d8b237fc"),1532052686262,XLMBTC,11663656,0.00004061,4956,37715399,37715392,1532052686258,buy
ObjectId("5b5144d02c3f9006d8b237fd"),1532052686262,XLMBTC,11663657,0.00004061,28,37715399,37715396,1532052686258,buy
ObjectId("5b5144d12c3f9006d8b237fe"),1532052687306,XLMBTC,11663658,0.0000406,719,37714882,37715406,1532052687302,sell
ObjectId("5b5144d52c3f9006d8b237ff"),1532052691251,XLMBTC,11663659,0.00004061,40194,37715408,37715420,1532052691248,sell
ObjectId("5b5144d52c3f9006d8b23800"),1532052691272,XLMBTC,11663660,0.00004061,34891,37715410,37715421,1532052691269,sell
ObjectId("5b5144d92c3f9006d8b23801"),1532052695886,XLMBTC,11663661,0.0000406,712,37714882,37715431,1532052695881,sell
ObjectId("5b5144de2c3f9006d8b23802"),1532052700521,XLMBTC,11663662,0.00004066,50,37715445,37715373,1532052700516,buy
ObjectId("5b5144de2c3f9006d8b23803"),1532052700521,XLMBTC,11663663,0.00004067,71,37715445,37715389,1532052700516,buy
ObjectId("5b5144df2c3f9006d8b23804"),1532052701565,XLMBTC,11663664,0.00004064,8423,37715449,37715448,1532052701561,buy
ObjectId("5b5144df2c3f9006d8b23805"),1532052701581,XLMBTC,11663665,0.00004061,6905,37715437,37715450,1532052701577,sell
ObjectId("5b5144e02c3f9006d8b23806"),1532052702804,XLMBTC,11663666,0.0000406,24,37714882,37715458,1532052702801,sell
ObjectId("5b5144e12c3f9006d8b23807"),1532052703570,XLMBTC,11663667,0.00004067,85,37715459,37715389,1532052703568,buy
ObjectId("5b5144ea2c3f9006d8b23808"),1532052712061,XLMBTC,11663668,0.00004061,173,37715477,37715491,1532052712057,sell
ObjectId("5b5144eb2c3f9006d8b23809"),1532052713186,XLMBTC,11663669,0.00004062,26610,37715498,37715497,1532052713183,buy
ObjectId("5b5144eb2c3f9006d8b2380a"),1532052713203,XLMBTC,11663670,0.00004061,19987,37715477,37715499,1532052713199,sell
ObjectId("5b5144eb2c3f9006d8b2380b"),1532052713323,XLMBTC,11663671,0.00004061,173,37715500,37715499,1532052713320,buy
ObjectId("5b5144ed2c3f9006d8b2380c"),1532052715250,XLMBTC,11663672,0.0000406,4,37714882,37715508,1532052715250,sell
ObjectId("5b5144ef2c3f9006d8b2380d"),1532052717366,XLMBTC,11663673,0.0000406,16,37714882,37715519,1532052717353,sell
ObjectId("5b5144f02c3f9006d8b2380e"),1532052718381,XLMBTC,11663674,0.0000406,1506,37714882,37715526,1532052718376,sell
ObjectId("5b5144f02c3f9006d8b2380f"),1532052718381,XLMBTC,11663675,0.0000406,27,37715361,37715526,1532052718376,sell
ObjectId("5b5144f02c3f9006d8b23810"),1532052718381,XLMBTC,11663676,0.0000406,28,37715418,37715526,1532052718376,sell
ObjectId("5b5144f02c3f9006d8b23811"),1532052718381,XLMBTC,11663677,0.0000406,28,37715438,37715526,1532052718376,sell
ObjectId("5b5144f02c3f9006d8b23812"),1532052718381,XLMBTC,11663678,0.0000406,1322,37715473,37715526,1532052718376,sell
ObjectId("5b5144f12c3f9006d8b23813"),1532052719484,XLMBTC,11663679,0.0000406,173,37715473,37715529,1532052719480,sell
ObjectId("5b5144f32c3f9006d8b23814"),1532052721656,XLMBTC,11663680,0.00004061,634,37715533,37715536,1532052721652,sell
ObjectId("5b5144f72c3f9006d8b23815"),1532052725120,XLMBTC,11663681,0.00004061,36063,37715533,37715547,1532052725119,sell
ObjectId("5b5144f72c3f9006d8b23816"),1532052725120,XLMBTC,11663682,0.00004061,634,37715534,37715547,1532052725119,sell
ObjectId("5b5144f72c3f9006d8b23817"),1532052725133,XLMBTC,11663683,0.00004061,40197,37715534,37715549,1532052725130,sell
ObjectId("5b5144f82c3f9006d8b23818"),1532052726308,XLMBTC,11663684,0.00004061,634,37715553,37715549,1532052726307,buy
ObjectId("5b5144fa2c3f9006d8b23819"),1532052728880,XLMBTC,11663685,0.00004061,173,37715558,37715564,1532052728880,sell
ObjectId("5b5144fc2c3f9006d8b2381a"),1532052730199,XLMBTC,11663686,0.00004061,17319,37715558,37715571,1532052730195,sell
ObjectId("5b5144fc2c3f9006d8b2381b"),1532052730335,XLMBTC,11663687,0.00004061,173,37715572,37715571,1532052730330,buy
ObjectId("5b5144fd2c3f9006d8b2381c"),1532052731263,XLMBTC,11663688,0.0000406,45,37715473,37715574,1532052731259,sell
ObjectId("5b5145012c3f9006d8b2381d"),1532052735348,XLMBTC,11663689,0.00004065,28,37715589,37715559,1532052735345,buy
ObjectId("5b5145012c3f9006d8b2381e"),1532052735348,XLMBTC,11663690,0.00004067,72,37715589,37715389,1532052735345,buy
ObjectId("5b5145032c3f9006d8b2381f"),1532052737366,XLMBTC,11663691,0.0000406,173,37715473,37715599,1532052737359,sell
ObjectId("5b51450a2c3f9006d8b23820"),1532052744032,XLMBTC,11663692,0.00004061,43645,37715607,37715633,1532052744030,sell
ObjectId("5b51450b2c3f9006d8b23821"),1532052745621,XLMBTC,11663693,0.0000406,173,37715473,37715639,1532052745617,sell
ObjectId("5b5145102c3f9006d8b23822"),1532052750071,XLMBTC,11663694,0.00004061,12483,37715647,37715653,1532052750066,sell
ObjectId("5b5145102c3f9006d8b23823"),1532052750071,XLMBTC,11663695,0.00004061,8129,37715652,37715653,1532052750066,sell
ObjectId("5b5145132c3f9006d8b23824"),1532052753616,XLMBTC,11663696,0.0000406,173,37715473,37715662,1532052753612,sell
ObjectId("5b5145182c3f9006d8b23825"),1532052758146,XLMBTC,11663697,0.00004061,4618,37715664,37715680,1532052758142,sell
ObjectId("5b5145182c3f9006d8b23826"),1532052758589,XLMBTC,11663698,0.00004061,11868,37715664,37715685,1532052758586,sell
ObjectId("5b5145182c3f9006d8b23827"),1532052758589,XLMBTC,11663699,0.00004061,4618,37715665,37715685,1532052758586,sell
ObjectId("5b5145182c3f9006d8b23828"),1532052758616,XLMBTC,11663700,0.00004061,16904,37715665,37715686,1532052758614,sell
ObjectId("5b5145182c3f9006d8b23829"),1532052758616,XLMBTC,11663701,0.00004061,4618,37715666,37715686,1532052758614,sell
ObjectId("5b51451d2c3f9006d8b2382a"),1532052763583,XLMBTC,11663702,0.0000406,173,37715473,37715701,1532052763580,sell
ObjectId("5b5145252c3f9006d8b2382b"),1532052771681,XLMBTC,11663703,0.00004061,173,37715720,37715727,1532052771676,sell
ObjectId("5b5145262c3f9006d8b2382c"),1532052772641,XLMBTC,11663704,0.00004061,25,37715720,37715730,1532052772636,sell
ObjectId("5b5145272c3f9006d8b2382d"),1532052773573,XLMBTC,11663705,0.00004063,22309,37715736,37715735,1532052773569,buy
ObjectId("5b5145272c3f9006d8b2382e"),1532052773589,XLMBTC,11663706,0.00004061,11669,37715720,37715737,1532052773586,sell
ObjectId("5b5145272c3f9006d8b2382f"),1532052773589,XLMBTC,11663707,0.00004061,198,37715723,37715737,1532052773586,sell
ObjectId("5b5145292c3f9006d8b23830"),1532052775836,XLMBTC,11663708,0.00004065,772,37715745,37715742,1532052775831,buy
ObjectId("5b51452d2c3f9006d8b23831"),1532052779675,XLMBTC,11663709,0.0000406,173,37715473,37715752,1532052779670,sell
ObjectId("5b5145302c3f9006d8b23832"),1532052781956,XLMBTC,11663710,0.00004061,732,37715757,37715761,1532052781955,sell
ObjectId("5b5145332c3f9006d8b23833"),1532052785491,XLMBTC,11663711,0.00004062,40767,37715774,37715773,1532052785489,buy
ObjectId("5b5145332c3f9006d8b23834"),1532052785504,XLMBTC,11663712,0.00004061,12589,37715757,37715775,1532052785502,sell
ObjectId("5b5145332c3f9006d8b23835"),1532052785504,XLMBTC,11663713,0.00004061,732,37715758,37715775,1532052785502,sell
ObjectId("5b5145332c3f9006d8b23836"),1532052785513,XLMBTC,11663714,0.00004061,19450,37715758,37715776,1532052785508,sell
ObjectId("5b5145342c3f9006d8b23837"),1532052786360,XLMBTC,11663715,0.0000406,398,37715473,37715779,1532052786356,sell
ObjectId("5b5145342c3f9006d8b23838"),1532052786830,XLMBTC,11663716,0.00004061,732,37715782,37715776,1532052786826,buy
ObjectId("5b5145362c3f9006d8b23839"),1532052788517,XLMBTC,11663717,0.00004061,173,37715782,37715787,1532052788514,sell
ObjectId("5b51453c2c3f9006d8b2383a"),1532052794288,XLMBTC,11663718,0.00004061,5,37715782,37715802,1532052794287,sell
ObjectId("5b51453d2c3f9006d8b2383b"),1532052794990,XLMBTC,11663719,0.00004063,905,37715806,37715764,1532052794987,buy
ObjectId("5b51453e2c3f9006d8b2383c"),1532052796229,XLMBTC,11663720,0.00004061,173,37715782,37715811,1532052796226,sell
ObjectId("5b51453f2c3f9006d8b2383d"),1532052797670,XLMBTC,11663721,0.00004063,46,37715814,37715764,1532052797665,buy
ObjectId("5b51453f2c3f9006d8b2383e"),1532052797670,XLMBTC,11663722,0.00004063,1728,37715814,37715805,1532052797665,buy
ObjectId("5b5145452c3f9006d8b2383f"),1532052803182,XLMBTC,11663723,0.00004063,975,37715832,37715805,1532052803177,buy
ObjectId("5b5145462c3f9006d8b23840"),1532052803931,XLMBTC,11663724,0.00004062,1,37715824,37715834,1532052803929,sell
ObjectId("5b5145462c3f9006d8b23841"),1532052804028,XLMBTC,11663725,0.00004062,173,37715824,37715835,1532052804023,sell
ObjectId("5b5145492c3f9006d8b23842"),1532052807650,XLMBTC,11663726,0.00004062,7,37715824,37715844,1532052807648,sell
ObjectId("5b5145532c3f9006d8b23843"),1532052816973,XLMBTC,11663727,0.00004062,85,37715824,37715867,1532052816969,sell
ObjectId("5b5145532c3f9006d8b23844"),1532052816973,XLMBTC,11663728,0.00004061,88,37715827,37715867,1532052816969,sell
ObjectId("5b5145592c3f9006d8b23845"),1532052823192,XLMBTC,11663729,0.00004062,7625,37715872,37715877,1532052823188,sell
ObjectId("5b51455a2c3f9006d8b23846"),1532052824751,XLMBTC,11663730,0.00004062,173,37715872,37715879,1532052824746,sell
ObjectId("5b51455b2c3f9006d8b23847"),1532052825508,XLMBTC,11663731,0.00004063,250,37715883,37715805,1532052825505,buy
ObjectId("5b51455c2c3f9006d8b23848"),1532052826700,XLMBTC,11663732,0.00004062,7063,37715872,37715886,1532052826698,sell
ObjectId("5b51455d2c3f9006d8b23849"),1532052827019,XLMBTC,11663733,0.00004061,5,37715827,37715887,1532052827014,sell
ObjectId("5b51455d2c3f9006d8b2384a"),1532052827551,XLMBTC,11663734,0.00004061,2814,37715827,37715890,1532052827548,sell
ObjectId("5b51455d2c3f9006d8b2384b"),1532052827551,XLMBTC,11663735,0.00004061,28,37715839,37715890,1532052827548,sell
ObjectId("5b51455f2c3f9006d8b2384c"),1532052829557,XLMBTC,11663736,0.0000406,197,37715473,37715898,1532052829552,sell
ObjectId("5b51455f2c3f9006d8b2384d"),1532052829557,XLMBTC,11663737,0.0000406,1410,37715556,37715898,1532052829552,sell
ObjectId("5b51455f2c3f9006d8b2384e"),1532052829557,XLMBTC,11663738,0.0000406,346,37715619,37715898,1532052829552,sell
ObjectId("5b51455f2c3f9006d8b2384f"),1532052829557,XLMBTC,11663739,0.0000406,39,37715663,37715898,1532052829552,sell
ObjectId("5b51455f2c3f9006d8b23850"),1532052829557,XLMBTC,11663740,0.0000406,200,37715703,37715898,1532052829552,sell
ObjectId("5b51455f2c3f9006d8b23851"),1532052829557,XLMBTC,11663741,0.0000406,51,37715815,37715898,1532052829552,sell
ObjectId("5b5145602c3f9006d8b23852"),1532052830587,XLMBTC,11663742,0.0000406,18342,37715900,37715901,1532052830582,sell
ObjectId("5b5145612c3f9006d8b23853"),1532052831558,XLMBTC,11663743,0.00004059,115,37715581,37715906,1532052831554,sell
ObjectId("5b5145612c3f9006d8b23854"),1532052831558,XLMBTC,11663744,0.00004059,100,37715696,37715906,1532052831554,sell
ObjectId("5b5145622c3f9006d8b23855"),1532052832553,XLMBTC,11663745,0.00004058,36,37715104,37715909,1532052832550,sell
ObjectId("5b5145632c3f9006d8b23856"),1532052833556,XLMBTC,11663746,0.00004057,305,37715911,37715916,1532052833552,sell
ObjectId("5b5145632c3f9006d8b23857"),1532052833556,XLMBTC,11663747,0.00004057,305,37715912,37715916,1532052833552,sell
ObjectId("5b5145632c3f9006d8b23858"),1532052833598,XLMBTC,11663748,0.00004059,49521,37715918,37715917,1532052833595,buy
ObjectId("5b5145632c3f9006d8b23859"),1532052833616,XLMBTC,11663749,0.00004062,7798,37715919,37715886,1532052833612,buy
ObjectId("5b5145632c3f9006d8b2385a"),1532052833616,XLMBTC,11663750,0.00004062,3797,37715919,37715907,1532052833612,buy
ObjectId("5b5145642c3f9006d8b2385b"),1532052834307,XLMBTC,11663751,0.00004062,2250,37715919,37715926,1532052834303,sell
ObjectId("5b5145642c3f9006d8b2385c"),1532052834309,XLMBTC,11663752,0.00004062,375,37715919,37715927,1532052834310,sell
ObjectId("5b5145642c3f9006d8b2385d"),1532052834312,XLMBTC,11663753,0.00004062,375,37715919,37715928,1532052834310,sell
ObjectId("5b5145652c3f9006d8b2385e"),1532052835340,XLMBTC,11663754,0.00004062,252,37715919,37715929,1532052835338,sell
ObjectId("5b5145672c3f9006d8b2385f"),1532052837034,XLMBTC,11663755,0.00004062,14,37715919,37715933,1532052837029,sell
ObjectId("5b5145682c3f9006d8b23860"),1532052837977,XLMBTC,11663756,0.00004062,621,37715937,37715933,1532052837972,buy
ObjectId("5b5145692c3f9006d8b23861"),1532052839839,XLMBTC,11663757,0.00004057,3,37715935,37715943,1532052839835,sell
ObjectId("5b51456c2c3f9006d8b23862"),1532052842548,XLMBTC,11663758,0.00004057,302,37715935,37715950,1532052842545,sell
ObjectId("5b51456c2c3f9006d8b23863"),1532052842548,XLMBTC,11663759,0.00004057,170,37715936,37715950,1532052842545,sell
ObjectId("5b51456e2c3f9006d8b23864"),1532052844736,XLMBTC,11663760,0.00004057,135,37715936,37715955,1532052844732,sell
ObjectId("5b51456e2c3f9006d8b23865"),1532052844812,XLMBTC,11663761,0.00004057,823,37715956,37715955,1532052844810,buy
ObjectId("5b5145702c3f9006d8b23866"),1532052846540,XLMBTC,11663762,0.00004057,300,37715963,37715955,1532052846535,buy
ObjectId("5b5145702c3f9006d8b23867"),1532052846601,XLMBTC,11663763,0.00004057,49,37715964,37715955,1532052846599,buy
ObjectId("5b5145702c3f9006d8b23868"),1532052846601,XLMBTC,11663764,0.00004061,5120,37715964,37715942,1532052846599,buy
ObjectId("5b5145702c3f9006d8b23869"),1532052846601,XLMBTC,11663765,0.00004062,7362,37715964,37715933,1532052846599,buy
ObjectId("5b51457a2c3f9006d8b2386a"),1532052856675,XLMBTC,11663766,0.00004056,181,37714727,37715997,1532052856670,sell
ObjectId("5b51457a2c3f9006d8b2386b"),1532052856675,XLMBTC,11663767,0.00004056,124,37715132,37715997,1532052856670,sell
ObjectId("5b51457b2c3f9006d8b2386c"),1532052857459,XLMBTC,11663768,0.00004056,210,37716009,37715997,1532052857457,buy
ObjectId("5b51457d2c3f9006d8b2386d"),1532052859071,XLMBTC,11663769,0.00004056,153,37716021,37715997,1532052859066,buy
ObjectId("5b51457e2c3f9006d8b2386e"),1532052860341,XLMBTC,11663770,0.00004056,29,37716028,37715997,1532052860336,buy
ObjectId("5b51457f2c3f9006d8b2386f"),1532052861456,XLMBTC,11663771,0.00004055,348,37716045,37716038,1532052861452,buy
ObjectId("5b5145802c3f9006d8b23870"),1532052862475,XLMBTC,11663772,0.00004055,750,37716050,37716038,1532052862474,buy
ObjectId("5b5145802c3f9006d8b23871"),1532052862487,XLMBTC,11663773,0.00004055,2250,37716051,37716038,1532052862484,buy
ObjectId("5b5145812c3f9006d8b23872"),1532052863496,XLMBTC,11663774,0.00004055,50,37716055,37716038,1532052863492,buy
ObjectId("5b5145832c3f9006d8b23873"),1532052864949,XLMBTC,11663775,0.00004054,251,37716049,37716061,1532052864946,sell
ObjectId("5b5145832c3f9006d8b23874"),1532052865238,XLMBTC,11663776,0.00004055,3057,37716063,37716038,1532052865233,buy
ObjectId("5b5145832c3f9006d8b23875"),1532052865346,XLMBTC,11663777,0.00004055,251,37716063,37716065,1532052865343,sell
ObjectId("5b5145852c3f9006d8b23876"),1532052867600,XLMBTC,11663778,0.00004056,47,37716069,37715997,1532052867571,buy
ObjectId("5b51458b2c3f9006d8b23877"),1532052873358,XLMBTC,11663779,0.00004056,469,37716089,37715997,1532052873356,buy
ObjectId("5b51458e2c3f9006d8b23878"),1532052876707,XLMBTC,11663780,0.00004055,2,37716063,37716093,1532052876706,sell
ObjectId("5b5145902c3f9006d8b23879"),1532052878355,XLMBTC,11663781,0.00004056,278,37716100,37715997,1532052878350,buy
ObjectId("5b5145902c3f9006d8b2387a"),1532052878355,XLMBTC,11663782,0.00004056,1307,37716100,37716071,1532052878350,buy
ObjectId("5b5145902c3f9006d8b2387b"),1532052878355,XLMBTC,11663783,0.00004059,817,37716100,37716081,1532052878350,buy
ObjectId("5b5145902c3f9006d8b2387c"),1532052878355,XLMBTC,11663784,0.00004062,3518,37716100,37715933,1532052878350,buy
ObjectId("5b5145902c3f9006d8b2387d"),1532052878377,XLMBTC,11663785,0.00004055,3145,37716063,37716101,1532052878374,sell
ObjectId("5b5145972c3f9006d8b2387e"),1532052885578,XLMBTC,11663786,0.00004055,3310,37716122,37716101,1532052885574,buy
ObjectId("5b51459d2c3f9006d8b2387f"),1532052891170,XLMBTC,11663787,0.00004055,28,37716122,37716138,1532052891166,sell
ObjectId("5b51459d2c3f9006d8b23880"),1532052891279,XLMBTC,11663788,0.00004055,3117,37716122,37716139,1532052891274,sell
ObjectId("5b51459f2c3f9006d8b23881"),1532052893365,XLMBTC,11663789,0.00004055,31,37716149,37716139,1532052893363,buy
ObjectId("5b5145a02c3f9006d8b23882"),1532052894665,XLMBTC,11663790,0.00004055,100,37716155,37716139,1532052894661,buy
ObjectId("5b5145a42c3f9006d8b23883"),1532052898213,XLMBTC,11663791,0.00004055,460,37716163,37716139,1532052898209,buy
ObjectId("5b5145a42c3f9006d8b23884"),1532052898431,XLMBTC,11663792,0.00004055,42,37716164,37716139,1532052898426,buy
ObjectId("5b5145a52c3f9006d8b23885"),1532052899004,XLMBTC,11663793,0.00004054,19,37716166,37716169,1532052899001,sell
ObjectId("5b5145a52c3f9006d8b23886"),1532052899806,XLMBTC,11663794,0.00004054,15,37716166,37716172,1532052899802,sell
ObjectId("5b5145a72c3f9006d8b23887"),1532052901535,XLMBTC,11663795,0.0000406,700,37716176,37716161,1532052901531,buy
ObjectId("5b5145a72c3f9006d8b23888"),1532052901535,XLMBTC,11663796,0.0000406,76,37716176,37716168,1532052901531,buy
ObjectId("5b5145a72c3f9006d8b23889"),1532052901535,XLMBTC,11663797,0.0000406,660,37716176,37716171,1532052901531,buy
ObjectId("5b5145a72c3f9006d8b2388a"),1532052901535,XLMBTC,11663798,0.00004062,3485,37716176,37715933,1532052901531,buy
ObjectId("5b5145a72c3f9006d8b2388b"),1532052901535,XLMBTC,11663799,0.00004062,8079,37716176,37715934,1532052901531,buy
ObjectId("5b5145a82c3f9006d8b2388c"),1532052902462,XLMBTC,11663800,0.00004062,13000,37716184,37715934,1532052902461,buy
ObjectId("5b5145a82c3f9006d8b2388d"),1532052902470,XLMBTC,11663801,0.00004062,1,37716185,37715934,1532052902466,buy
ObjectId("5b5145ae2c3f9006d8b2388e"),1532052907877,XLMBTC,11663802,0.00004056,72,37716203,37716225,1532052907877,sell
ObjectId("5b5145b12c3f9006d8b2388f"),1532052910918,XLMBTC,11663803,0.00004054,49,37716179,37716238,1532052910914,sell
ObjectId("5b5145b42c3f9006d8b23890"),1532052913946,XLMBTC,11663804,0.00004056,28,37716243,37716249,1532052913942,sell
ObjectId("5b5145b52c3f9006d8b23891"),1532052915569,XLMBTC,11663805,0.0000406,589,37716259,37716237,1532052915565,buy
ObjectId("5b5145b72c3f9006d8b23892"),1532052916941,XLMBTC,11663806,0.00004054,22,37716253,37716261,1532052916938,sell
ObjectId("5b5145bb2c3f9006d8b23893"),1532052921449,XLMBTC,11663807,0.00004055,187,37716268,37716276,1532052921445,sell
ObjectId("5b5145bc2c3f9006d8b23894"),1532052922440,XLMBTC,11663808,0.00004055,1491,37716268,37716281,1532052922435,sell
ObjectId("5b5145bc2c3f9006d8b23895"),1532052922440,XLMBTC,11663809,0.00004054,885,37716269,37716281,1532052922435,sell
ObjectId("5b5145bc2c3f9006d8b23896"),1532052922440,XLMBTC,11663810,0.00004054,1715,37716270,37716281,1532052922435,sell
ObjectId("5b5145bc2c3f9006d8b23897"),1532052922440,XLMBTC,11663811,0.00004054,1001,37716272,37716281,1532052922435,sell
ObjectId("5b5145c72c3f9006d8b23898"),1532052933651,XLMBTC,11663812,0.00004055,836,37716308,37716306,1532052933646,buy
ObjectId("5b5145c82c3f9006d8b23899"),1532052934249,XLMBTC,11663813,0.00004055,51,37716309,37716306,1532052934244,buy
ObjectId("5b5145c82c3f9006d8b2389a"),1532052934466,XLMBTC,11663814,0.00004055,47,37716311,37716306,1532052934462,buy
ObjectId("5b5145c92c3f9006d8b2389b"),1532052935837,XLMBTC,11663815,0.00004054,20264,37716316,37716312,1532052935834,buy
ObjectId("5b5145c92c3f9006d8b2389c"),1532052935837,XLMBTC,11663816,0.00004054,5736,37716316,37716313,1532052935834,buy
ObjectId("5b5145cb2c3f9006d8b2389d"),1532052937106,XLMBTC,11663817,0.00004054,6500,37716317,37716313,1532052937104,buy
ObjectId("5b5145cd2c3f9006d8b2389e"),1532052939726,XLMBTC,11663818,0.00004053,136,37716082,37716325,1532052939722,sell
ObjectId("5b5145cd2c3f9006d8b2389f"),1532052939732,XLMBTC,11663819,0.00004053,16972,37716326,37716325,1532052939728,buy
ObjectId("5b5145cd2c3f9006d8b238a0"),1532052939739,XLMBTC,11663820,0.00004054,10071,37716327,37716313,1532052939737,buy
ObjectId("5b5145cd2c3f9006d8b238a1"),1532052939816,XLMBTC,11663821,0.00004055,1066,37716329,37716306,1532052939814,buy
ObjectId("5b5145d32c3f9006d8b238a2"),1532052945808,XLMBTC,11663822,0.00004052,251,37716352,37716354,1532052945804,sell
ObjectId("5b5145d52c3f9006d8b238a3"),1532052947145,XLMBTC,11663823,0.00004054,80,37716362,37716343,1532052947144,buy
ObjectId("5b5145d72c3f9006d8b238a4"),1532052949147,XLMBTC,11663824,0.00004052,291,37716357,37716370,1532052949144,sell
ObjectId("5b5145d72c3f9006d8b238a5"),1532052949584,XLMBTC,11663825,0.00004054,5012,37716376,37716343,1532052949580,buy
ObjectId("5b5145d72c3f9006d8b238a6"),1532052949900,XLMBTC,11663826,0.0000406,103,37716378,37716237,1532052949897,buy
ObjectId("5b5145da2c3f9006d8b238a7"),1532052952769,XLMBTC,11663827,0.00004053,33124,37716374,37716388,1532052952768,sell
ObjectId("5b5145dc2c3f9006d8b238a8"),1532052954579,XLMBTC,11663828,0.00004054,219,37716389,37716393,1532052954579,sell
ObjectId("5b5145de2c3f9006d8b238a9"),1532052956297,XLMBTC,11663829,0.00004053,10186,37716401,37716395,1532052956294,buy
ObjectId("5b5145de2c3f9006d8b238aa"),1532052956297,XLMBTC,11663830,0.00004056,2814,37716401,37716387,1532052956294,buy
ObjectId("5b5145e22c3f9006d8b238ab"),1532052960595,XLMBTC,11663831,0.00004054,38603,37716412,37716411,1532052960592,buy
ObjectId("5b5145e22c3f9006d8b238ac"),1532052960608,XLMBTC,11663832,0.00004056,87281,37716413,37716387,1532052960603,buy
ObjectId("5b5145e62c3f9006d8b238ad"),1532052964080,XLMBTC,11663833,0.00004056,2019,37716413,37716428,1532052964076,sell
ObjectId("5b5145e72c3f9006d8b238ae"),1532052965634,XLMBTC,11663834,0.00004056,10,37716413,37716430,1532052965630,sell
ObjectId("5b5145e82c3f9006d8b238af"),1532052966260,XLMBTC,11663835,0.00004056,785,37716413,37716435,1532052966255,sell
ObjectId("5b5145e82c3f9006d8b238b0"),1532052966260,XLMBTC,11663836,0.00004052,169,37716396,37716435,1532052966255,sell
ObjectId("5b5145ef2c3f9006d8b238b1"),1532052973818,XLMBTC,11663837,0.00004054,73,37716454,37716472,1532052973814,sell
ObjectId("5b5145f02c3f9006d8b238b2"),1532052974168,XLMBTC,11663838,0.00004057,12264,37716476,37716475,1532052974163,buy
ObjectId("5b5145f02c3f9006d8b238b3"),1532052974178,XLMBTC,11663839,0.00004054,55001,37716454,37716477,1532052974174,sell
ObjectId("5b5145f02c3f9006d8b238b4"),1532052974178,XLMBTC,11663840,0.00004054,73,37716455,37716477,1532052974174,sell
ObjectId("5b5145f02c3f9006d8b238b5"),1532052974206,XLMBTC,11663841,0.00004054,4157,37716455,37716478,1532052974202,sell
ObjectId("5b5145f02c3f9006d8b238b6"),1532052974206,XLMBTC,11663842,0.00004054,73,37716457,37716478,1532052974202,sell
ObjectId("5b5145f02c3f9006d8b238b7"),1532052974855,XLMBTC,11663843,0.00004054,1886,37716457,37716480,1532052974852,sell
ObjectId("5b5145f02c3f9006d8b238b8"),1532052974855,XLMBTC,11663844,0.00004052,680,37716396,37716480,1532052974852,sell
ObjectId("5b5145f42c3f9006d8b238b9"),1532052978335,XLMBTC,11663845,0.00004053,4,37716486,37716496,1532052978335,sell
ObjectId("5b5145f42c3f9006d8b238ba"),1532052978737,XLMBTC,11663846,0.00004053,6,37716486,37716498,1532052978734,sell
ObjectId("5b5145f82c3f9006d8b238bb"),1532052982516,XLMBTC,11663847,0.00004054,200,37716503,37716508,1532052982511,sell
ObjectId("5b5146012c3f9006d8b238bc"),1532052990949,XLMBTC,11663848,0.00004053,723,37716521,37716527,1532052990946,sell
ObjectId("5b5146012c3f9006d8b238bd"),1532052991616,XLMBTC,11663849,0.00004053,136,37716521,37716528,1532052991611,sell
ObjectId("5b5146032c3f9006d8b238be"),1532052993003,XLMBTC,11663850,0.00004056,5149,37716534,37716533,1532052993001,buy
ObjectId("5b5146032c3f9006d8b238bf"),1532052993025,XLMBTC,11663851,0.00004053,3779,37716521,37716535,1532052993019,sell
ObjectId("5b5146032c3f9006d8b238c0"),1532052993025,XLMBTC,11663852,0.00004053,859,37716522,37716535,1532052993019,sell
ObjectId("5b5146032c3f9006d8b238c1"),1532052993050,XLMBTC,11663853,0.00004053,1617,37716522,37716536,1532052993046,sell
ObjectId("5b5146032c3f9006d8b238c2"),1532052993842,XLMBTC,11663854,0.00004053,183,37716539,37716536,1532052993838,buy
ObjectId("5b5146042c3f9006d8b238c3"),1532052994100,XLMBTC,11663855,0.00004053,71,37716541,37716536,1532052994098,buy
ObjectId("5b5146052c3f9006d8b238c4"),1532052995886,XLMBTC,11663856,0.00004053,605,37716547,37716536,1532052995882,buy
ObjectId("5b5146082c3f9006d8b238c5"),1532052998790,XLMBTC,11663857,0.00004053,3,37716547,37716555,1532052998785,sell
ObjectId("5b5146102c3f9006d8b238c6"),1532053005995,XLMBTC,11663858,0.00004054,4870,37716578,37716577,1532053005993,buy
ObjectId("5b5146102c3f9006d8b238c7"),1532053006017,XLMBTC,11663859,0.00004052,1874,37716568,37716580,1532053006014,sell
ObjectId("5b5146112c3f9006d8b238c8"),1532053007058,XLMBTC,11663860,0.00004053,139,37716583,37716584,1532053007054,sell
ObjectId("5b5146122c3f9006d8b238c9"),1532053008663,XLMBTC,11663861,0.00004057,156,37716589,37716573,1532053008660,buy
ObjectId("5b5146162c3f9006d8b238ca"),1532053012239,XLMBTC,11663862,0.00004059,39,37716597,37716514,1532053012235,buy
ObjectId("5b5146162c3f9006d8b238cb"),1532053012860,XLMBTC,11663863,0.00004056,4713,37716606,37716605,1532053012856,buy
ObjectId("5b5146162c3f9006d8b238cc"),1532053012870,XLMBTC,11663864,0.00004054,2619,37716591,37716607,1532053012865,sell
ObjectId("5b5146172c3f9006d8b238cd"),1532053013151,XLMBTC,11663865,0.00004059,10,37716608,37716514,1532053013146,buy
ObjectId("5b5146172c3f9006d8b238ce"),1532053013230,XLMBTC,11663866,0.0000406,9,37716609,37716349,1532053013227,buy
ObjectId("5b5146172c3f9006d8b238cf"),1532053013235,XLMBTC,11663867,0.00004059,355,37716608,37716610,1532053013232,sell
ObjectId("5b5146172c3f9006d8b238d0"),1532053013268,XLMBTC,11663868,0.00004059,373,37716608,37716611,1532053013264,sell
ObjectId("5b5146182c3f9006d8b238d1"),1532053014532,XLMBTC,11663869,0.00004057,78,37716614,37716617,1532053014527,sell
ObjectId("5b5146182c3f9006d8b238d2"),1532053014589,XLMBTC,11663870,0.00004057,733,37716614,37716618,1532053014583,sell
ObjectId("5b5146192c3f9006d8b238d3"),1532053015163,XLMBTC,11663871,0.00004053,8,37716583,37716621,1532053015160,sell
ObjectId("5b51461f2c3f9006d8b238d4"),1532053020955,XLMBTC,11663872,0.00004054,182,37716631,37716632,1532053020953,sell
ObjectId("5b5146202c3f9006d8b238d5"),1532053022464,XLMBTC,11663873,0.0000406,10,37716634,37716349,1532053022461,buy
ObjectId("5b5146232c3f9006d8b238d6"),1532053024903,XLMBTC,11663874,0.00004054,787,37716631,37716637,1532053024899,sell
ObjectId("5b5146242c3f9006d8b238d7"),1532053026338,XLMBTC,11663875,0.00004053,36,37716583,37716640,1532053026333,sell
ObjectId("5b5146252c3f9006d8b238d8"),1532053027558,XLMBTC,11663876,0.00004054,3,37716641,37716637,1532053027554,buy
ObjectId("5b5146272c3f9006d8b238d9"),1532053029087,XLMBTC,11663877,0.00004053,3,37716583,37716647,1532053029082,sell
ObjectId("5b5146302c3f9006d8b238da"),1532053038113,XLMBTC,11663878,0.00004053,40,37716583,37716668,1532053038109,sell
ObjectId("5b5146302c3f9006d8b238db"),1532053038261,XLMBTC,11663879,0.00004054,179,37716669,37716637,1532053038258,buy
ObjectId("5b5146332c3f9006d8b238dc"),1532053041714,XLMBTC,11663880,0.00004055,29,37716676,37716683,1532053041709,sell
ObjectId("5b5146352c3f9006d8b238dd"),1532053043615,XLMBTC,11663881,0.00004056,5115,37716687,37716686,1532053043612,buy
ObjectId("5b5146352c3f9006d8b238de"),1532053043630,XLMBTC,11663882,0.00004055,1573,37716676,37716688,1532053043628,sell
ObjectId("5b5146352c3f9006d8b238df"),1532053043630,XLMBTC,11663883,0.00004055,29,37716677,37716688,1532053043628,sell
ObjectId("5b5146352c3f9006d8b238e0"),1532053043653,XLMBTC,11663884,0.00004055,3091,37716677,37716689,1532053043648,sell
ObjectId("5b5146352c3f9006d8b238e1"),1532053043681,XLMBTC,11663885,0.00004054,790,37716669,37716690,1532053043676,sell
ObjectId("5b5146372c3f9006d8b238e2"),1532053045116,XLMBTC,11663886,0.00004053,2,37716583,37716694,1532053045113,sell
ObjectId("5b51463b2c3f9006d8b238e3"),1532053049289,XLMBTC,11663887,0.00004053,11,37716583,37716702,1532053049285,sell
ObjectId("5b51463e2c3f9006d8b238e4"),1532053051914,XLMBTC,11663888,0.00004053,66,37716583,37716707,1532053051910,sell
ObjectId("5b51463e2c3f9006d8b238e5"),1532053051914,XLMBTC,11663889,0.00004053,403,37716700,37716707,1532053051910,sell
ObjectId("5b51463e2c3f9006d8b238e6"),1532053051930,XLMBTC,11663890,0.00004053,1389,37716708,37716707,1532053051928,buy
ObjectId("5b51463e2c3f9006d8b238e7"),1532053051942,XLMBTC,11663891,0.00004054,179,37716709,37716690,1532053051937,buy
ObjectId("5b5146472c3f9006d8b238e8"),1532053061204,XLMBTC,11663892,0.00004055,305,37716716,37716723,1532053061199,sell
ObjectId("5b5146492c3f9006d8b238e9"),1532053063198,XLMBTC,11663893,0.00004055,676,37716716,37716728,1532053063194,sell
ObjectId("5b5146492c3f9006d8b238ea"),1532053063208,XLMBTC,11663894,0.00004054,790,37716709,37716729,1532053063204,sell
ObjectId("5b51464d2c3f9006d8b238eb"),1532053067641,XLMBTC,11663895,0.00004054,179,37716741,37716729,1532053067637,buy
ObjectId("5b51464d2c3f9006d8b238ec"),1532053067641,XLMBTC,11663896,0.00004055,305,37716741,37716728,1532053067637,buy
ObjectId("5b51464d2c3f9006d8b238ed"),1532053067641,XLMBTC,11663897,0.00004057,680,37716741,37716721,1532053067637,buy
ObjectId("5b5146502c3f9006d8b238ee"),1532053070386,XLMBTC,11663898,0.00004057,280,37716746,37716721,1532053070384,buy
ObjectId("5b5146522c3f9006d8b238ef"),1532053072704,XLMBTC,11663899,0.00004055,5723,37716753,37716752,1532053072700,buy
ObjectId("5b5146522c3f9006d8b238f0"),1532053072712,XLMBTC,11663900,0.00004053,4148,37716744,37716754,1532053072708,sell
ObjectId("5b5146562c3f9006d8b238f1"),1532053076525,XLMBTC,11663901,0.00004052,157,37716570,37716756,1532053076518,sell
ObjectId("5b5146562c3f9006d8b238f2"),1532053076525,XLMBTC,11663902,0.00004051,128,37712725,37716756,1532053076518,sell
ObjectId("5b5146562c3f9006d8b238f3"),1532053076525,XLMBTC,11663903,0.00004051,75,37713096,37716756,1532053076518,sell
ObjectId("5b5146562c3f9006d8b238f4"),1532053076525,XLMBTC,11663904,0.00004051,29,37716602,37716756,1532053076518,sell
ObjectId("5b5146562c3f9006d8b238f5"),1532053076525,XLMBTC,11663905,0.0000405,1770,37713580,37716756,1532053076518,sell
ObjectId("5b51465d2c3f9006d8b238f6"),1532053082948,XLMBTC,11663906,0.00004052,29,37716765,37716774,1532053082944,sell
ObjectId("5b5146602c3f9006d8b238f7"),1532053086667,XLMBTC,11663907,0.00004053,32,37716786,37716767,1532053086663,buy
ObjectId("5b51466c2c3f9006d8b238f8"),1532053098554,XLMBTC,11663908,0.00004055,366,37716799,37716807,1532053098550,sell
ObjectId("5b51466c2c3f9006d8b238f9"),1532053098645,XLMBTC,11663909,0.00004055,1368,37716799,37716808,1532053098642,sell
ObjectId("5b51466d2c3f9006d8b238fa"),1532053099717,XLMBTC,11663910,0.00004055,366,37716810,37716808,1532053099713,buy
ObjectId("5b5146702c3f9006d8b238fb"),1532053102372,XLMBTC,11663911,0.00004056,29,37716814,37716817,1532053102368,sell
ObjectId("5b5146742c3f9006d8b238fc"),1532053106096,XLMBTC,11663912,0.00004056,1055,37716814,37716825,1532053106090,sell
ObjectId("5b5146742c3f9006d8b238fd"),1532053106096,XLMBTC,11663913,0.00004051,773,37716824,37716825,1532053106090,sell
ObjectId("5b5146742c3f9006d8b238fe"),1532053106096,XLMBTC,11663914,0.0000405,6526,37713580,37716825,1532053106090,sell
ObjectId("5b5146742c3f9006d8b238ff"),1532053106096,XLMBTC,11663915,0.0000405,988,37714212,37716825,1532053106090,sell
ObjectId("5b5146742c3f9006d8b23900"),1532053106096,XLMBTC,11663916,0.0000405,405,37716613,37716825,1532053106090,sell
ObjectId("5b5146742c3f9006d8b23901"),1532053106096,XLMBTC,11663917,0.0000405,26,37716771,37716825,1532053106090,sell
ObjectId("5b5146742c3f9006d8b23902"),1532053106096,XLMBTC,11663918,0.00004049,322,37712033,37716825,1532053106090,sell
ObjectId("5b5146742c3f9006d8b23903"),1532053106096,XLMBTC,11663919,0.00004049,39,37716743,37716825,1532053106090,sell
ObjectId("5b5146742c3f9006d8b23904"),1532053106096,XLMBTC,11663920,0.00004046,36,37711775,37716825,1532053106090,sell
ObjectId("5b5146742c3f9006d8b23905"),1532053106096,XLMBTC,11663921,0.00004046,418,37712692,37716825,1532053106090,sell
ObjectId("5b5146742c3f9006d8b23906"),1532053106096,XLMBTC,11663922,0.00004046,38,37712896,37716825,1532053106090,sell
ObjectId("5b5146742c3f9006d8b23907"),1532053106096,XLMBTC,11663923,0.00004046,25,37712915,37716825,1532053106090,sell
ObjectId("5b5146742c3f9006d8b23908"),1532053106096,XLMBTC,11663924,0.00004046,25,37712919,37716825,1532053106090,sell
ObjectId("5b5146742c3f9006d8b23909"),1532053106096,XLMBTC,11663925,0.00004045,27,37711446,37716825,1532053106090,sell
ObjectId("5b5146742c3f9006d8b2390a"),1532053106121,XLMBTC,11663926,0.00004048,28,37716826,37714784,1532053106120,buy
ObjectId("5b5146772c3f9006d8b2390b"),1532053109048,XLMBTC,11663927,0.00004056,39,37716844,37716830,1532053109044,buy
ObjectId("5b5146772c3f9006d8b2390c"),1532053109315,XLMBTC,11663928,0.00004056,1741,37716844,37716849,1532053109312,sell
ObjectId("5b5146792c3f9006d8b2390d"),1532053111143,XLMBTC,11663929,0.00004046,252,37716842,37716859,1532053111140,sell
ObjectId("5b51467a2c3f9006d8b2390e"),1532053112555,XLMBTC,11663930,0.00004046,9186,37716842,37716865,1532053112550,sell
ObjectId("5b51467a2c3f9006d8b2390f"),1532053112555,XLMBTC,11663931,0.00004046,252,37716843,37716865,1532053112550,sell
ObjectId("5b51467a2c3f9006d8b23910"),1532053112581,XLMBTC,11663932,0.00004046,2927,37716843,37716866,1532053112576,sell
ObjectId("5b51467a2c3f9006d8b23911"),1532053112581,XLMBTC,11663933,0.00004046,252,37716853,37716866,1532053112576,sell
ObjectId("5b51467c2c3f9006d8b23912"),1532053114713,XLMBTC,11663934,0.00004046,691,37716853,37716876,1532053114709,sell
ObjectId("5b51467e2c3f9006d8b23913"),1532053116869,XLMBTC,11663935,0.00004047,503,37716880,37716885,1532053116866,sell
ObjectId("5b5146802c3f9006d8b23914"),1532053118489,XLMBTC,11663936,0.00004049,13728,37716892,37716891,1532053118486,buy
ObjectId("5b5146802c3f9006d8b23915"),1532053118500,XLMBTC,11663937,0.00004047,712,37716880,37716893,1532053118499,sell
ObjectId("5b5146802c3f9006d8b23916"),1532053118500,XLMBTC,11663938,0.00004047,503,37716881,37716893,1532053118499,sell
ObjectId("5b5146802c3f9006d8b23917"),1532053118522,XLMBTC,11663939,0.00004047,13226,37716881,37716894,1532053118521,sell
ObjectId("5b5146802c3f9006d8b23918"),1532053118594,XLMBTC,11663940,0.00004047,503,37716895,37716894,1532053118590,buy
ObjectId("5b51468b2c3f9006d8b23919"),1532053129892,XLMBTC,11663941,0.00004049,318,37716922,37716925,1532053129890,sell
ObjectId("5b51468b2c3f9006d8b2391a"),1532053129892,XLMBTC,11663942,0.00004048,9760,37716913,37716925,1532053129890,sell
ObjectId("5b51468b2c3f9006d8b2391b"),1532053129892,XLMBTC,11663943,0.00004046,14048,37716853,37716925,1532053129890,sell
ObjectId("5b51468e2c3f9006d8b2391c"),1532053132349,XLMBTC,11663944,0.00004045,1,37711446,37716935,1532053132348,sell
ObjectId("5b51468f2c3f9006d8b2391d"),1532053133228,XLMBTC,11663945,0.00004052,246,37716940,37716884,1532053133224,buy
ObjectId("5b5146902c3f9006d8b2391e"),1532053134130,XLMBTC,11663946,0.00004045,79,37711446,37716947,1532053134125,sell
ObjectId("5b5146902c3f9006d8b2391f"),1532053134130,XLMBTC,11663947,0.00004045,71,37713531,37716947,1532053134125,sell
ObjectId("5b5146902c3f9006d8b23920"),1532053134130,XLMBTC,11663948,0.00004045,101,37715836,37716947,1532053134125,sell
ObjectId("5b5146912c3f9006d8b23921"),1532053135555,XLMBTC,11663949,0.00004045,1309,37715836,37716952,1532053135554,sell
ObjectId("5b5146912c3f9006d8b23922"),1532053135630,XLMBTC,11663950,0.00004044,33,37713341,37716954,1532053135625,sell
ObjectId("5b5146912c3f9006d8b23923"),1532053135630,XLMBTC,11663951,0.00004043,110,37711059,37716954,1532053135625,sell
ObjectId("5b5146912c3f9006d8b23924"),1532053135630,XLMBTC,11663952,0.00004043,99,37712675,37716954,1532053135625,sell
ObjectId("5b5146912c3f9006d8b23925"),1532053135630,XLMBTC,11663953,0.00004042,9,37712708,37716954,1532053135625,sell
ObjectId("5b5146942c3f9006d8b23926"),1532053138567,XLMBTC,11663954,0.00004047,284,37716961,37716972,1532053138562,sell
ObjectId("5b5146962c3f9006d8b23927"),1532053140806,XLMBTC,11663955,0.00004047,9691,37716961,37716978,1532053140804,sell
ObjectId("5b5146962c3f9006d8b23928"),1532053140876,XLMBTC,11663956,0.00004047,284,37716979,37716978,1532053140875,buy
ObjectId("5b51469d2c3f9006d8b23929"),1532053147306,XLMBTC,11663957,0.00004051,325,37716999,37717000,1532053147303,sell
ObjectId("5b51469e2c3f9006d8b2392a"),1532053148264,XLMBTC,11663958,0.00004051,907,37717003,37717001,1532053148262,buy
ObjectId("5b51469e2c3f9006d8b2392b"),1532053148434,XLMBTC,11663959,0.00004044,2,37716960,37717005,1532053148429,sell
ObjectId("5b5146a22c3f9006d8b2392c"),1532053152494,XLMBTC,11663960,0.0000405,55,37717020,37717017,1532053152490,buy
ObjectId("5b5146a32c3f9006d8b2392d"),1532053153536,XLMBTC,11663961,0.00004048,23980,37717029,37717028,1532053153532,buy
ObjectId("5b5146a32c3f9006d8b2392e"),1532053153548,XLMBTC,11663962,0.00004045,15988,37717014,37717030,1532053153544,sell
ObjectId("5b5146a42c3f9006d8b2392f"),1532053154813,XLMBTC,11663963,0.0000405,29,37717035,37717031,1532053154812,buy
ObjectId("5b5146b22c3f9006d8b23930"),1532053168223,XLMBTC,11663964,0.00004051,306,37717081,37717025,1532053168218,buy
ObjectId("5b5146b32c3f9006d8b23931"),1532053169331,XLMBTC,11663965,0.00004051,1101,37717087,37717025,1532053169330,buy
ObjectId("5b5146b42c3f9006d8b23932"),1532053170185,XLMBTC,11663966,0.00004051,245,37717094,37717025,1532053170186,buy
ObjectId("5b5146b42c3f9006d8b23933"),1532053170185,XLMBTC,11663967,0.00004051,32,37717094,37717064,1532053170186,buy
ObjectId("5b5146b42c3f9006d8b23934"),1532053170185,XLMBTC,11663968,0.00004052,705,37717094,37716884,1532053170186,buy
ObjectId("5b5146b42c3f9006d8b23935"),1532053170185,XLMBTC,11663969,0.00004052,972,37717094,37716908,1532053170186,buy
ObjectId("5b5146b92c3f9006d8b23936"),1532053175123,XLMBTC,11663970,0.0000405,2,37717107,37717110,1532053175119,sell
ObjectId("5b5146bc2c3f9006d8b23937"),1532053178302,XLMBTC,11663971,0.00004051,401,37717114,37717125,1532053178300,sell
ObjectId("5b5146bd2c3f9006d8b23938"),1532053179134,XLMBTC,11663972,0.00004051,844,37717114,37717129,1532053179134,sell
ObjectId("5b5146bd2c3f9006d8b23939"),1532053179767,XLMBTC,11663973,0.00004051,1426,37717114,37717133,1532053179763,sell
ObjectId("5b5146c72c3f9006d8b2393a"),1532053189399,XLMBTC,11663974,0.0000405,247,37717185,37717172,1532053189396,buy
ObjectId("5b5146c72c3f9006d8b2393b"),1532053189619,XLMBTC,11663975,0.0000405,10858,37717186,37717172,1532053189618,buy
ObjectId("5b5146c82c3f9006d8b2393c"),1532053190092,XLMBTC,11663976,0.00004046,1,37717182,37717188,1532053190089,sell
ObjectId("5b5146c92c3f9006d8b2393d"),1532053191719,XLMBTC,11663977,0.00004046,68,37717182,37717193,1532053191716,sell
ObjectId("5b5146ca2c3f9006d8b2393e"),1532053192897,XLMBTC,11663978,0.00004046,18981,37717182,37717196,1532053192893,sell
ObjectId("5b5146ca2c3f9006d8b2393f"),1532053192897,XLMBTC,11663979,0.00004046,69,37717183,37717196,1532053192893,sell
ObjectId("5b5146cb2c3f9006d8b23940"),1532053192917,XLMBTC,11663980,0.00004046,6708,37717183,37717197,1532053192913,sell
ObjectId("5b5146cb2c3f9006d8b23941"),1532053192917,XLMBTC,11663981,0.00004046,69,37717189,37717197,1532053192913,sell
ObjectId("5b5146cd2c3f9006d8b23942"),1532053195232,XLMBTC,11663982,0.00004044,22,37717199,37717201,1532053195229,sell
ObjectId("5b5146d22c3f9006d8b23943"),1532053200578,XLMBTC,11663983,0.00004044,27,37717199,37717212,1532053200575,sell
ObjectId("5b5146d22c3f9006d8b23944"),1532053200578,XLMBTC,11663984,0.00004044,29,37717200,37717212,1532053200575,sell
ObjectId("5b5146d32c3f9006d8b23945"),1532053201623,XLMBTC,11663985,0.00004049,1342,37717220,37717216,1532053201618,buy
ObjectId("5b5146d42c3f9006d8b23946"),1532053202310,XLMBTC,11663986,0.00004044,1,37717200,37717223,1532053202308,sell
ObjectId("5b5146d92c3f9006d8b23947"),1532053207844,XLMBTC,11663987,0.00004045,6441,37717227,37717243,1532053207842,sell
ObjectId("5b5146d92c3f9006d8b23948"),1532053207869,XLMBTC,11663988,0.00004045,11060,37717228,37717244,1532053207865,sell
ObjectId("5b5146de2c3f9006d8b23949"),1532053212049,XLMBTC,11663989,0.00004045,599,37717251,37717253,1532053212046,sell
ObjectId("5b5146de2c3f9006d8b2394a"),1532053212199,XLMBTC,11663990,0.00004045,760,37717251,37717254,1532053212195,sell
ObjectId("5b5146de2c3f9006d8b2394b"),1532053212411,XLMBTC,11663991,0.00004045,15641,37717255,37717254,1532053212407,buy
ObjectId("5b5146de2c3f9006d8b2394c"),1532053212443,XLMBTC,11663992,0.00004045,1563,37717256,37717254,1532053212439,buy
ObjectId("5b5146e22c3f9006d8b2394d"),1532053216069,XLMBTC,11663993,0.00004044,5,37717232,37717277,1532053216065,sell
ObjectId("5b5146e32c3f9006d8b2394e"),1532053217852,XLMBTC,11663994,0.00004044,4,37717232,37717286,1532053217848,sell
ObjectId("5b5146e42c3f9006d8b2394f"),1532053218221,XLMBTC,11663995,0.00004045,166,37717287,37717254,1532053218219,buy
ObjectId("5b5146e62c3f9006d8b23950"),1532053220452,XLMBTC,11663996,0.00004044,503,37717232,37717295,1532053220449,sell
ObjectId("5b5146e62c3f9006d8b23951"),1532053220452,XLMBTC,11663997,0.00004043,49,37717038,37717295,1532053220449,sell
ObjectId("5b5146e62c3f9006d8b23952"),1532053220452,XLMBTC,11663998,0.00004043,401,37717265,37717295,1532053220449,sell
ObjectId("5b5146e72c3f9006d8b23953"),1532053221457,XLMBTC,11663999,0.00004045,2191,37717298,37717254,1532053221418,buy
ObjectId("5b5146ea2c3f9006d8b23954"),1532053224166,XLMBTC,11664000,0.00004044,100,37717300,37717312,1532053224162,sell
ObjectId("5b5146ea2c3f9006d8b23955"),1532053224806,XLMBTC,11664001,0.00004044,14550,37717300,37717315,1532053224805,sell
ObjectId("5b5146ea2c3f9006d8b23956"),1532053224806,XLMBTC,11664002,0.00004044,14500,37717307,37717315,1532053224805,sell
ObjectId("5b5146ea2c3f9006d8b23957"),1532053224825,XLMBTC,11664003,0.00004044,11967,37717316,37717315,1532053224823,buy
ObjectId("5b5146ea2c3f9006d8b23958"),1532053224839,XLMBTC,11664004,0.00004044,14650,37717316,37717318,1532053224835,sell
ObjectId("5b5146ea2c3f9006d8b23959"),1532053224869,XLMBTC,11664005,0.00004045,40,37717319,37717254,1532053224869,buy
ObjectId("5b5146eb2c3f9006d8b2395a"),1532053225060,XLMBTC,11664006,0.00004044,476,37717316,37717320,1532053225055,sell
ObjectId("5b5146ed2c3f9006d8b2395b"),1532053227341,XLMBTC,11664007,0.00004044,1,37717316,37717327,1532053227336,sell
ObjectId("5b5146ef2c3f9006d8b2395c"),1532053229253,XLMBTC,11664008,0.00004044,36,37717316,37717332,1532053229249,sell
ObjectId("5b5146ef2c3f9006d8b2395d"),1532053229824,XLMBTC,11664009,0.00004045,3967,37717336,37717254,1532053229822,buy
ObjectId("5b5146f52c3f9006d8b2395e"),1532053235573,XLMBTC,11664010,0.0000405,247,37717353,37717350,1532053235571,buy
ObjectId("5b5146f62c3f9006d8b2395f"),1532053236539,XLMBTC,11664011,0.00004045,2121,37717351,37717356,1532053236534,sell
ObjectId("5b5146f62c3f9006d8b23960"),1532053236539,XLMBTC,11664012,0.00004045,1424,37717352,37717356,1532053236534,sell
ObjectId("5b5146f62c3f9006d8b23961"),1532053236539,XLMBTC,11664013,0.00004044,13887,37717316,37717356,1532053236534,sell
ObjectId("5b5146f62c3f9006d8b23962"),1532053236577,XLMBTC,11664014,0.00004044,179,37717357,37717356,1532053236573,buy
ObjectId("5b5146f62c3f9006d8b23963"),1532053236867,XLMBTC,11664015,0.00004043,246,37717360,37717358,1532053236863,buy
ObjectId("5b5146f72c3f9006d8b23964"),1532053236897,XLMBTC,11664016,0.00004044,7806,37717361,37717356,1532053236894,buy
ObjectId("5b5147042c3f9006d8b23965"),1532053250032,XLMBTC,11664017,0.00004046,4,37717391,37717394,1532053250027,sell
ObjectId("5b5147042c3f9006d8b23966"),1532053250424,XLMBTC,11664018,0.00004046,2,37717391,37717396,1532053250423,sell
ObjectId("5b5147082c3f9006d8b23967"),1532053254576,XLMBTC,11664019,0.00004044,1,37717368,37717407,1532053254573,sell
ObjectId("5b51470a2c3f9006d8b23968"),1532053256794,XLMBTC,11664020,0.00004044,265,37717368,37717409,1532053256791,sell
ObjectId("5b5147132c3f9006d8b23969"),1532053265204,XLMBTC,11664021,0.00004045,1287,37717413,37717423,1532053265200,sell
ObjectId("5b5147132c3f9006d8b2396a"),1532053265221,XLMBTC,11664022,0.00004045,2680,37717414,37717424,1532053265217,sell
ObjectId("5b5147152c3f9006d8b2396b"),1532053267302,XLMBTC,11664023,0.00004044,7,37717368,37717427,1532053267300,sell
ObjectId("5b51471c2c3f9006d8b2396c"),1532053274362,XLMBTC,11664024,0.00004045,9,37717435,37717445,1532053274358,sell
ObjectId("5b51471e2c3f9006d8b2396d"),1532053276874,XLMBTC,11664025,0.00004046,209,37717447,37717456,1532053276870,sell
ObjectId("5b51471f2c3f9006d8b2396e"),1532053277444,XLMBTC,11664026,0.00004046,1499,37717447,37717457,1532053277439,sell
ObjectId("5b5147212c3f9006d8b2396f"),1532053279200,XLMBTC,11664027,0.00004046,1002,37717447,37717460,1532053279197,sell
ObjectId("5b5147222c3f9006d8b23970"),1532053280197,XLMBTC,11664028,0.00004046,100,37717463,37717460,1532053280192,buy
ObjectId("5b5147222c3f9006d8b23971"),1532053280220,XLMBTC,11664029,0.00004046,265,37717464,37717460,1532053280216,buy
ObjectId("5b5147252c3f9006d8b23972"),1532053283271,XLMBTC,11664030,0.00004046,2,37717475,37717460,1532053283269,buy
ObjectId("5b51472d2c3f9006d8b23973"),1532053291229,XLMBTC,11664031,0.00004046,890,37717486,37717460,1532053291225,buy
ObjectId("5b51472d2c3f9006d8b23974"),1532053291578,XLMBTC,11664032,0.00004045,1,37717470,37717487,1532053291574,sell
ObjectId("5b51472e2c3f9006d8b23975"),1532053292066,XLMBTC,11664033,0.00004046,451,37717489,37717460,1532053292063,buy
ObjectId("5b51472f2c3f9006d8b23976"),1532053293493,XLMBTC,11664034,0.00004048,50,37717494,37717431,1532053293489,buy
ObjectId("5b5147332c3f9006d8b23977"),1532053296945,XLMBTC,11664035,0.00004046,836,37717499,37717500,1532053296938,sell
ObjectId("5b5147332c3f9006d8b23978"),1532053296945,XLMBTC,11664036,0.00004045,9821,37717470,37717500,1532053296938,sell
ObjectId("5b5147332c3f9006d8b23979"),1532053296945,XLMBTC,11664037,0.00004044,3188,37717368,37717500,1532053296938,sell
ObjectId("5b5147332c3f9006d8b2397a"),1532053296945,XLMBTC,11664038,0.00004042,41,37712708,37717500,1532053296938,sell
ObjectId("5b5147332c3f9006d8b2397b"),1532053296945,XLMBTC,11664039,0.00004041,31,37713609,37717500,1532053296938,sell
ObjectId("5b5147332c3f9006d8b2397c"),1532053296945,XLMBTC,11664040,0.0000404,50,37712689,37717500,1532053296938,sell
ObjectId("5b5147332c3f9006d8b2397d"),1532053296945,XLMBTC,11664041,0.0000404,119,37716879,37717500,1532053296938,sell
ObjectId("5b5147332c3f9006d8b2397e"),1532053296945,XLMBTC,11664042,0.0000404,2290,37717049,37717500,1532053296938,sell
ObjectId("5b5147332c3f9006d8b2397f"),1532053296945,XLMBTC,11664043,0.00004039,33,37713350,37717500,1532053296938,sell
ObjectId("5b5147332c3f9006d8b23980"),1532053296945,XLMBTC,11664044,0.00004039,25,37713797,37717500,1532053296938,sell
ObjectId("5b5147332c3f9006d8b23981"),1532053296945,XLMBTC,11664045,0.00004037,545,37712698,37717500,1532053296938,sell
ObjectId("5b5147332c3f9006d8b23982"),1532053296945,XLMBTC,11664046,0.00004037,25,37714225,37717500,1532053296938,sell
ObjectId("5b5147332c3f9006d8b23983"),1532053296945,XLMBTC,11664047,0.00004035,52,37713803,37717500,1532053296938,sell
ObjectId("5b5147332c3f9006d8b23984"),1532053296945,XLMBTC,11664048,0.00004033,37,37717306,37717500,1532053296938,sell
ObjectId("5b5147332c3f9006d8b23985"),1532053296945,XLMBTC,11664049,0.00004033,423,37717309,37717500,1532053296938,sell
ObjectId("5b5147332c3f9006d8b23986"),1532053296945,XLMBTC,11664050,0.00004033,1147,37717309,37713837,1532053296938,sell
ObjectId("5b5147342c3f9006d8b23987"),1532053298798,XLMBTC,11664051,0.00004046,43,37717522,37717513,1532053298794,buy
ObjectId("5b5147352c3f9006d8b23988"),1532053299173,XLMBTC,11664052,0.00004037,887,37717523,37717526,1532053299168,sell
ObjectId("5b51473d2c3f9006d8b23989"),1532053307895,XLMBTC,11664053,0.00004042,151,37717562,37717566,1532053307891,sell
ObjectId("5b51473e2c3f9006d8b2398a"),1532053308090,XLMBTC,11664054,0.00004042,650,37717562,37717567,1532053308087,sell
ObjectId("5b5147402c3f9006d8b2398b"),1532053310845,XLMBTC,11664055,0.00004043,2595,37717568,37717578,1532053310842,sell
ObjectId("5b5147432c3f9006d8b2398c"),1532053312927,XLMBTC,11664056,0.00004046,6,37717586,37717513,1532053312924,buy
ObjectId("5b5147432c3f9006d8b2398d"),1532053312927,XLMBTC,11664057,0.00004047,259,37717586,37717502,1532053312924,buy
ObjectId("5b5147462c3f9006d8b2398e"),1532053316834,XLMBTC,11664058,0.00004045,37,37717615,37717607,1532053316830,buy
ObjectId("5b5147472c3f9006d8b2398f"),1532053317365,XLMBTC,11664059,0.00004047,346,37717616,37717502,1532053317360,buy
ObjectId("5b5147492c3f9006d8b23990"),1532053318949,XLMBTC,11664060,0.00004044,5100,37717622,37717623,1532053318945,sell
ObjectId("5b5147492c3f9006d8b23991"),1532053318949,XLMBTC,11664061,0.00004043,158,37717609,37717623,1532053318945,sell
ObjectId("5b5147492c3f9006d8b23992"),1532053318949,XLMBTC,11664062,0.00004043,1951,37717610,37717623,1532053318945,sell
ObjectId("5b5147492c3f9006d8b23993"),1532053318950,XLMBTC,11664063,0.00004043,273,37717624,37717623,1532053318947,buy
ObjectId("5b5147492c3f9006d8b23994"),1532053319559,XLMBTC,11664064,0.00004047,790,37717627,37717502,1532053319555,buy
ObjectId("5b51474a2c3f9006d8b23995"),1532053320748,XLMBTC,11664065,0.00004047,87,37717634,37717502,1532053320744,buy
ObjectId("5b51474f2c3f9006d8b23996"),1532053324928,XLMBTC,11664066,0.00004045,1994,37717633,37717644,1532053324925,sell
ObjectId("5b5147512c3f9006d8b23997"),1532053327625,XLMBTC,11664067,0.00004044,3446,37717666,37717662,1532053327622,buy
ObjectId("5b5147512c3f9006d8b23998"),1532053327852,XLMBTC,11664068,0.00004045,32,37717668,37717656,1532053327848,buy
ObjectId("5b5147512c3f9006d8b23999"),1532053327852,XLMBTC,11664069,0.00004047,6,37717668,37717502,1532053327848,buy
ObjectId("5b5147512c3f9006d8b2399a"),1532053327852,XLMBTC,11664070,0.00004047,962,37717668,37717541,1532053327848,buy
ObjectId("5b5147532c3f9006d8b2399b"),1532053329843,XLMBTC,11664071,0.00004047,22,37717677,37717541,1532053329840,buy
ObjectId("5b5147542c3f9006d8b2399c"),1532053330200,XLMBTC,11664072,0.00004043,4,37717663,37717678,1532053330196,sell
ObjectId("5b5147552c3f9006d8b2399d"),1532053330968,XLMBTC,11664073,0.00004045,5053,37717682,37717681,1532053330964,buy
ObjectId("5b5147552c3f9006d8b2399e"),1532053330983,XLMBTC,11664074,0.00004043,2628,37717663,37717683,1532053330978,sell
ObjectId("5b5147552c3f9006d8b2399f"),1532053330983,XLMBTC,11664075,0.00004043,4,37717664,37717683,1532053330978,sell
ObjectId("5b5147552c3f9006d8b239a0"),1532053331013,XLMBTC,11664076,0.00004043,1704,37717664,37717684,1532053331008,sell
ObjectId("5b5147552c3f9006d8b239a1"),1532053331241,XLMBTC,11664077,0.00004043,4,37717685,37717684,1532053331238,buy
ObjectId("5b5147552c3f9006d8b239a2"),1532053331241,XLMBTC,11664078,0.00004047,1,37717685,37717541,1532053331238,buy
ObjectId("5b5147562c3f9006d8b239a3"),1532053332544,XLMBTC,11664079,0.00004047,1,37717691,37717541,1532053332540,buy
ObjectId("5b5147582c3f9006d8b239a4"),1532053334465,XLMBTC,11664080,0.00004043,2418,37717700,37717706,1532053334461,sell
ObjectId("5b5147582c3f9006d8b239a5"),1532053334465,XLMBTC,11664081,0.00004043,874,37717701,37717706,1532053334461,sell
ObjectId("5b5147582c3f9006d8b239a6"),1532053334497,XLMBTC,11664082,0.00004043,827,37717707,37717706,1532053334496,buy
ObjectId("5b5147582c3f9006d8b239a7"),1532053334568,XLMBTC,11664083,0.00004043,214,37717709,37717706,1532053334564,buy
ObjectId("5b5147582c3f9006d8b239a8"),1532053334636,XLMBTC,11664084,0.00004043,1279,37717710,37717706,1532053334634,buy
ObjectId("5b5147582c3f9006d8b239a9"),1532053334636,XLMBTC,11664085,0.00004044,1470,37717710,37717704,1532053334634,buy
ObjectId("5b5147592c3f9006d8b239aa"),1532053335570,XLMBTC,11664086,0.00004044,562,37717714,37717704,1532053335566,buy
ObjectId("5b51475a2c3f9006d8b239ab"),1532053336647,XLMBTC,11664087,0.00004044,100,37717719,37717704,1532053336644,buy
ObjectId("5b5147652c3f9006d8b239ac"),1532053347548,XLMBTC,11664088,0.00004044,617,37717751,37717704,1532053347543,buy
ObjectId("5b5147652c3f9006d8b239ad"),1532053347548,XLMBTC,11664089,0.00004046,21,37717751,37717723,1532053347543,buy
ObjectId("5b51476c2c3f9006d8b239ae"),1532053354317,XLMBTC,11664090,0.00004044,214,37717770,37717762,1532053354314,buy
ObjectId("5b51476c2c3f9006d8b239af"),1532053354368,XLMBTC,11664091,0.00004044,218,37717771,37717762,1532053354367,buy
ObjectId("5b51476e2c3f9006d8b239b0"),1532053356623,XLMBTC,11664092,0.00004044,1439,37717778,37717762,1532053356619,buy
ObjectId("5b51476f2c3f9006d8b239b1"),1532053356903,XLMBTC,11664093,0.00004043,3302,37717774,37717780,1532053356898,sell
ObjectId("5b5147712c3f9006d8b239b2"),1532053359166,XLMBTC,11664094,0.00004043,30231,37717774,37717788,1532053359165,sell
ObjectId("5b5147712c3f9006d8b239b3"),1532053359166,XLMBTC,11664095,0.00004043,3302,37717775,37717788,1532053359165,sell
ObjectId("5b5147712c3f9006d8b239b4"),1532053359183,XLMBTC,11664096,0.00004043,33439,37717775,37717789,1532053359179,sell
ObjectId("5b5147712c3f9006d8b239b5"),1532053359183,XLMBTC,11664097,0.00004043,2287,37717779,37717789,1532053359179,sell
ObjectId("5b5147712c3f9006d8b239b6"),1532053359183,XLMBTC,11664098,0.00004043,1015,37717781,37717789,1532053359179,sell
ObjectId("5b5147712c3f9006d8b239b7"),1532053359621,XLMBTC,11664099,0.00004044,276,37717790,37717791,1532053359623,sell
ObjectId("5b5147732c3f9006d8b239b8"),1532053361790,XLMBTC,11664100,0.00004034,49,37717794,37717805,1532053361785,sell
ObjectId("5b5147732c3f9006d8b239b9"),1532053361860,XLMBTC,11664101,0.00004034,170,37717807,37717805,1532053361857,buy
ObjectId("5b5147742c3f9006d8b239ba"),1532053362028,XLMBTC,11664102,0.00004034,482,37717808,37717805,1532053362024,buy
ObjectId("5b5147742c3f9006d8b239bb"),1532053362176,XLMBTC,11664103,0.00004034,37,37717811,37717805,1532053362175,buy
ObjectId("5b5147752c3f9006d8b239bc"),1532053363221,XLMBTC,11664104,0.00004043,43,37717824,37717818,1532053363223,buy
ObjectId("5b5147752c3f9006d8b239bd"),1532053363617,XLMBTC,11664105,0.00004043,6,37717831,37717818,1532053363614,buy
ObjectId("5b5147752c3f9006d8b239be"),1532053363617,XLMBTC,11664106,0.00004044,24,37717831,37717816,1532053363614,buy
ObjectId("5b5147752c3f9006d8b239bf"),1532053363735,XLMBTC,11664107,0.00004035,37,37717827,37717834,1532053363732,sell
ObjectId("5b5147752c3f9006d8b239c0"),1532053363735,XLMBTC,11664108,0.00004034,37,37717812,37717834,1532053363732,sell
ObjectId("5b5147752c3f9006d8b239c1"),1532053363735,XLMBTC,11664109,0.00004034,37,37717813,37717834,1532053363732,sell
ObjectId("5b5147752c3f9006d8b239c2"),1532053363735,XLMBTC,11664110,0.00004034,25,37717819,37717834,1532053363732,sell
ObjectId("5b5147752c3f9006d8b239c3"),1532053363735,XLMBTC,11664111,0.00004033,7930,37717309,37717834,1532053363732,sell
ObjectId("5b5147752c3f9006d8b239c4"),1532053363735,XLMBTC,11664112,0.00004033,37,37717817,37717834,1532053363732,sell
ObjectId("5b5147752c3f9006d8b239c5"),1532053363735,XLMBTC,11664113,0.00004033,700,37717821,37717834,1532053363732,sell
ObjectId("5b5147752c3f9006d8b239c6"),1532053363735,XLMBTC,11664114,0.00004032,52,37712688,37717834,1532053363732,sell
ObjectId("5b5147752c3f9006d8b239c7"),1532053363735,XLMBTC,11664115,0.00004032,512,37716846,37717834,1532053363732,sell
ObjectId("5b5147752c3f9006d8b239c8"),1532053363735,XLMBTC,11664116,0.00004032,660,37717341,37717834,1532053363732,sell
ObjectId("5b5147752c3f9006d8b239c9"),1532053363735,XLMBTC,11664117,0.00004032,651,37717354,37717834,1532053363732,sell
ObjectId("5b51477c2c3f9006d8b239ca"),1532053370343,XLMBTC,11664118,0.00004042,30,37717878,37717880,1532053370341,sell
ObjectId("5b51477c2c3f9006d8b239cb"),1532053370480,XLMBTC,11664119,0.00004037,300,37717871,37717882,1532053370477,sell
ObjectId("5b5147832c3f9006d8b239cc"),1532053377287,XLMBTC,11664120,0.00004044,250,37717916,37717816,1532053377284,buy
ObjectId("5b5147862c3f9006d8b239cd"),1532053380444,XLMBTC,11664121,0.00004044,500,37717933,37717816,1532053380443,buy
ObjectId("5b5147892c3f9006d8b239ce"),1532053383686,XLMBTC,11664122,0.00004041,41218,37717957,37717956,1532053383683,buy
ObjectId("5b5147892c3f9006d8b239cf"),1532053383703,XLMBTC,11664123,0.00004043,14935,37717958,37717934,1532053383701,buy
ObjectId("5b5147912c3f9006d8b239d0"),1532053391572,XLMBTC,11664124,0.00004042,2,37717976,37717991,1532053391568,sell
ObjectId("5b5147952c3f9006d8b239d1"),1532053395448,XLMBTC,11664125,0.00004042,7531,37718015,37718013,1532053395447,buy
ObjectId("5b5147952c3f9006d8b239d2"),1532053395664,XLMBTC,11664126,0.00004043,299,37718016,37717978,1532053395660,buy
ObjectId("5b51479b2c3f9006d8b239d3"),1532053400935,XLMBTC,11664127,0.00004042,30538,37718031,37718018,1532053400934,buy
